2678 4246
481 354 716 409 Lmnntxxvtt
1052 353 1090 416 37

85 503 330 572 Macedonum
346 504 542 589 Sosthenes3
564 504 620 570 sed
636 506 736 591 pauci
751 529 771 570 a
785 506 948 592 pluribus,
971 509 1091 594 trepidi

87 612 112 654 a
136 589 335 656 valentibus
355 589 455 656 facile
471 592 659 656 vincuntur.
702 592 821 678 Itaque
843 615 946 693 quum
960 595 1041 658 victi
1056 616 1090 659 se

85 675 310 741 Macedones
327 677 416 740 intra
437 697 548 742 muros
571 675 704 744 urbium
726 677 964 760 eondidrssent,
985 680 1091 743 victor

86 759 273 842 Brennus,
294 759 387 832 nullo
409 760 614 848 prohibente,
639 761 737 828 totius
757 763 971 828 Macedoniae
993 787 1088 850 agros

90 845 340 931 depraedatur.
384 845 478 928 Inde,
501 847 597 933 quasi
619 855 750 912 terrena
773 849 837 914 'am
859 844 965 936 spolia
981 849 1139 915 sorde-27

90 940 191 1012 rent,
216 933 364 997 animum
386 931 428 998 ad
453 931 589 996 deorum
611 872 844 998 immortalium
868 934 992 1020 templa
1014 947 1098 1000 coni

89 1016 215 1098 vertit,
238 1016 420 1083 scurriliter
429 1018 570 1104 jocatus,
586 1025 755 1098 locupletes
770 1025 846 1084 deos
861 1025 975 1099 larqiri
989 1027 1088 1086 domi-

91 1108 199 1168 nibus
212 1114 363 1182 oporrm.
389 1101 505 1170 Statim
520 1103 623 1188 igitur
631 1102 783 1188 Delphos
798 1105 862 1168 iter
875 1105 982 1187 vertit,
998 1127 1090 1254 prae-

93 1187 183 1252 dam
206 1187 372 1272 religioni,
394 1210 511 1254 aurum
533 1188 678 1254 offensae
701 1189 837 1254 deorum
852 1191 1005 1256 immorta
1019 1192 1089 1256 inm

91 1271 307 1358 praeferens,
330 1295 410 1353 quoe
429 1281 523 1340 nullis
543 1280 654 1353 opibus
677 1297 778 1355 caere,
801 1295 890 1354 qaum
906 1297 962 1340 eos
977 1283 1090 1356 lurairi

93 1364 285 1426 hominibus
299 1367 429 1436 soleant,
445 1357 639 1426 affirmabat.
653 1358 847 1446 'Templum
863 1368 973 1425 autem
989 1361 1089 1448 Apol·
1099 1369 1138 1427 28

94 1441 184 1506 linis
200 1442 343 1528 Delphis
363 1444 507 1530 positum
531 1445 632 1510 estin
652 1452 763 1510 monte
776 1445 935 1527 Parnaso,
955 1446 990 1510 in
1006 1469 1089 1532 rupe

95 1527 257 1615 undique
278 1529 508 1614 impendente,
529 1529 765 1596 ibi'oivitatem
785 1531 972 1618 frequentia
986 1531 1089 1596 homi-

94 1635 188 1678 num
213 1612 300 1694 feeit,
323 1615 381 1700 qui
402 1613 552 1700 undique
566 1623 797 1680 ooneurrentes
811 1617 847 1680 in
863 1638 901 1680 eo
917 1637 997 1681 saxo
1013 1638 1088 1681 oon-

99 1699 232 1764 sedere.
269 1699 388 1800 Atque
408 1701 455 1764 ita
477 1699 636 1784 templum
659 1709 694 1766 et
714 1701 880 1766 civitatem
902 1723 970 1765 non
990 1704 1086 1782 muri,

99 1784 165 1848 sed
190 1786 394 1870 praecipitia,
416 1807 479 1850 neo
498 1807 600 1850 manu
621 1785 715 1865 faeta,
739 1785 796 1850 sed
811 1786 982 1850 naturalia
996 1795 1087 1873 prae-

101 1868 195 1934 sidia
217 1867 414 1937 defendunt:
437 1891 573 1956 prorsus
589 1878 626 1934 ut
639 1871 804 1934 incertum
817 1871 869 1952 sit,
891 1878 1003 1937 utrum
1018 1893 1088 1937 mu-

100 1955 295 2022 nimentum
309 1955 383 2036 loci,
406 1977 448 2020 an
463 1957 617 2042 majestas
633 1954 687 2022 dei
701 1955 777 2041 plus
792 1956 847 2022 hio
861 1955 1087 2042 admirationis

100 2038 239 2110 hebeat.
275 2040 387 2108 Media
401 2042 474 2106 saxi
488 2062 589 2127 rupes
603 2041 640 2105 in
653 2041 793 2106 lormam
808 2041 929 2106 theatri
943 2044 1086 2107 recessit.
1098 2051 1137 2109 29

102 2123 333 2204 Quamobrem
350 2135 382 2194 et
395 2126 567 2194 hominum
582 2125 716 2207 elamor,
732 2135 765 2190 et
775 2127 804 2189 si
816 2127 950 2212 quando
962 2128 1089 2193 aooedit

100 2209 263 2279 ttrbarum
278 2231 388 2293 sonus,
403 2211 657 2298 personantibus
673 2221 705 2277 et
715 2211 992 2296 respondentibus
1002 2215 1098 2278 inter

103 2315 141 2360 so
165 2294 315 2380 rupibus,
338 2296 515 2384 multiplex
536 2297 645 2364 audiri
659 2297 882 2383 ampliorque,
900 2305 1006 2384 'quarn
1021 2298 1088 2363 edi·

102 2390 172 2462 tur,
188 2401 343 2448 resonare
358 2381 451 2448 solet.
482 2382 576 2464 Quae
590 2384 816 2470 res.majorem
831 2384 1011 2468 majestatis
1025 2391 1088 2448 ter·

101 2487 215 2532 rorem
233 2467 358 2552 ignaris
378 2469 427 2533 rei
442 2477 476 2533 et
489 2468 706 2534 admiratione
722 2467 930 2555 stupentibus
944 2469 1086 2556 plerum·

127 2571 173 2618 ue
189 2551 292 2630 affert,
322 2553 362 2620 In
377 2553 441 2617 hoo
452 2555 545 2640 rupis
557 2554 715 2634 anfractu,
731 2552 842 2619 media
852 2552 954 2618 ferme
966 2555 1086 2618 montis
1096 2561 1138 2619 30

138 2635 291 2720 titudine,
313 2636 468 2722 planities
491 2639 614 2725 exigua
635 2647 694 2718 est,
717 2647 816 2724 atque
837 2638 873 2702 in
896 2660 935 2704 ea
954 2640 1086 2724 profun-

102 2721 186 2786 dum
212 2729 318 2788 terrae
340 2723 499 2806 foramen,
522 2719 612 2810 quod
632 2726 668 2788 in
683 2723 817 2788 oracula
831 2732 938 2808 patet3
962 2746 1005 2789 ex
1020 2747 1085 2812 quo

101 2806 249 2890 frigidus
273 2809 408 2895 spiritus
432 2810 466 2873 vi
488 2810 632 2896 quadam
652 2808 745 2874 velut
766 2818 866 2874 vento
888 2810 924 2874 in
944 2809 1085 2874 sublime

103 2891 276 2978 expulsus,
291 2902 425 2958 'mentes
449 2904 563 2959 vatum
584 2897 619 2959 in
635 2894 824 2960 vecordiam
840 2897 948 2977 vertit,
972 2896 1087 2984 imple·

102 2987 223 3062 tasque
239 2977 301 3042 deo
316 3000 474 3065 responsa
489 2978 737 3045 consulentibus
753 2979 831 3044 dare
847 2983 941 3067 cogit.
979 2981 1085 3045 Multa
1095 2989 1133 3046 31
1196 3049 1200 3054 ,

102 3062 210 3148 igitur
230 3063 278 3127 ibi
300 3075 333 3128 et
347 3064 505 3150 opulenta
519 3077 635 3150 regum
650 3066 915 3152 populorumque
930 3067 1084 3130 visuntur
1182 3087 1184 3094 ’

102 3167 254 3230 munera
278 3159 417 3236 quaeet
431 3150 675 3216 consulentium
691 3159 818 3236 gratam
832 3150 1036 3215 voluntatem
1054 3160 1086 3215 et
1123 3169 1126 3176 ’

103 3233 241 3300 deorum
256 3257 416 3322 responsa
429 3237 648 3302 manifestant.

516 3393 592 3446 OAP.
609 3393 670 3456 v311.
748 3447 752 3452 ,

306 3474 397 3554 Δ(ἐῑιιῑὶί
413 3475 585 3546 praedando
602 3477 719 3546 tempus
736 3474 877 3546 perdunt.

167 3577 322 3642 Brennus
342 3578 457 3682 igitur,
476 3602 578 3666 quum
598 3580 634 3643 in
657 3586 835 3665 conspeetu
854 3577 991 3643 haberet
1005 3585 1134 3644 tem-32
