2666 4246
138 254 144 264 “
234 290 274 351 aa
515 291 656 344 cusum
672 291 920 344 mercantur

232 441 301 524 bat,
323 463 364 506 ae
384 451 577 511 multitudine
595 450 737 520 hostiam,
753 463 812 506 aee
826 449 972 521 eorporis
986 448 1214 523 maumitudiae,

234 536 284 594 ael
304 535 422 592 eoloris
443 540 580 596 novitate
594 542 802 602 macerantem
825 538 941 591 tamtam
956 533 1139 604 meminisse,
1156 527 1214 612 ju-

235 612 302 692 bet,
325 634 394 676 eam
417 622 527 680 iisdem
547 637 583 678 ee
605 621 695 676 tertio
712 633 877 691 paccare,
906 633 964 674 nec
989 618 1134 674 meliores
1153 618 1213 688 sa-

235 710 472 776 acceptatorem
489 706 582 779 suaa,
606 719 696 777 quum
719 705 751 760 ia
774 703 873 760 aciem
895 717 996 759 cecum
1014 707 1075 759 tam
1091 703 1211 759 tristem

234 792 411 848 memoriam
433 791 577 848 caedium
597 803 724 846 cuorum
746 793 777 845 et
797 787 962 859 canocicis
977 786 1097 844 dachas
1109 800 1213 858 proe-

234 875 298 932 liis.
306 875 375 947 saci
392 874 533 946 ferream
556 881 585 932 et
599 872 853 946 quemadmodum
868 870 964 928 Domo
981 871 1131 943 majorem
1143 875 1214 928 tur-

235 958 305 1016 bam
321 959 475 1016 domimum
498 973 576 1030 ecce,
596 960 645 1016 cic
666 960 802 1016 virorum
825 955 897 1014 sibi.
934 948 1101 1030 Hortatur,
1123 971 1214 1028 eper-

235 1049 313 1100 aant
334 1044 419 1102 illam
442 1045 542 1102 aciem
563 1059 640 1101 auro
664 1049 695 1100 et
722 1046 852 1114 argemo
875 1037 1064 1112 sulcantem,
1094 1043 1127 1098 ia
1150 1055 1214 1112 oca

228 1129 305 1200 pur
325 1130 485 1200 praedae,
515 1143 606 1202 quam
625 1129 764 1200 periculi
787 1127 845 1196 sit,
877 1141 968 1198 quum
995 1127 1215 1184 victorianae

235 1227 393 1272 armorum
417 1215 538 1284 decore,
560 1213 619 1270 ced
636 1213 719 1285 serm
740 1213 851 1270 uirtute
873 1216 1051 1282 quaeratur.

465 1441 571 1496 Tertia
587 1358 881 1496 Peredidmblcdes.
917 1439 982 1495 831.

184 1553 226 1609 40
300 1541 379 1604 Post
393 1541 486 1626 ,haec
506 1542 669 1628 proelium
692 1541 912 1607 committitur.
957 1541 1155 1606 Macedones
1176 1545 1215 1606 in

235 1626 359 1690 ferrum
374 1648 449 1690 cum
466 1635 655 1712 contemptu
666 1629 761 1690 toties
773 1649 793 1690 a
804 1648 839 1690 se
850 1627 929 1689 victi
939 1626 1042 1690 hostis
1054 1627 1214 1710 ruebant3

236 1721 350 1774 contre
364 1711 484 1776 Persae
499 1713 591 1791 mori,
615 1733 713 1798 quam
730 1713 821 1775 vinci
844 1711 1089 1797 praeoptabant.
1126 1713 1216 1776 Raro

185 1797 271 1864 min
286 1795 356 1860 ullo
376 1797 502 1882 proelio
517 1805 644 1860 tantum
660 1797 831 1880 sanguinis
853 1796 966 1859 fusum
987 1805 1045 1859 est.
1089 1796 1216 1860 Darius

237 1903 339 1966 quum
361 1883 452 1945 vinci
474 1903 552 1945 suos
566 1881 707 1960 videret,
722 1883 806 1944 mori
827 1880 934 1943 voluit
955 1889 987 1942 et
1007 1881 1095 1966 ipse,
1121 1882 1180 1945 sed
1194 1903 1217 1946 a

235 1967 395 2050 proximis
410 1967 523 2051 fugere
536 1965 732 2052 compulsus¹
754 1973 811 2031 est.
848 1965 1070 2029 Suadentibus
1093 1965 1216 2030 deinde

238 2048 453 2135 quibusdam,
477 2060 514 2114 ut
532 2072 617 2136 pons
633 2049 743 2136 Cydni
767 2051 912 2114 fluminis
929 2049 971 2115 ad
986 2050 1055 2112 iter·
1069 2049 1216 2114 hostium

236 2133 485 2218 impediendum
512 2135 780 2216 intercideretur,
810 2157 871 2198 aon
899 2143 943 2200 ita
965 2157 1000 2198 se
1020 2142 1116 2200 saluti
1136 2158 1218 2200 cuae

190 2269 193 2276 .
236 2226 314 2282 aelle
336 2227 523 2298 coasultum,
547 2221 594 2284 ait
599 2233 667 2300 ,aa
689 2233 733 2283 tot
754 2227 852 2284 millia
873 2227 1030 2284 accionem
1051 2226 1136 2284 docti
1159 2227 1216 2285 ob-

229 2309 347 2382 jiciam·
370 2309 485 2368 debere
507 2315 537 2368 et
558 2313 633 2369 aliie
649 2312 749 2383 socae
768 2312 850 2368 viam
862 2316 986 2382 patae,
1004 2325 1085 2383 qaae
1096 2317 1217 2383 patae·

186 2395 282 2454 42m't
301 2394 372 2452 cibi.
417 2387 610 2452 Alexander
633 2397 742 2452 autem
764 2387 1040 2472 periculosissima
1063 2409 1219 2475 quaeque

238 2472 508 2556 aggrediebatur,
532 2482 564 2537 et
585 2473 644 2537 ubi
663 2474 917 2538 confertissimos
933 2472 1041 2538 hostes
1056 2475 1218 2537 acerrime

236 2579 387 2643 pugnare
409 2559 651 2645 conspexisset,
675 2580 713 2620 ec
735 2580 770 2622 se
790 2579 920 2643 semper
933 2557 1114 2642 ingerebat,
1130 2559 1218 2642 peri-

153 2681 156 2688 ,
185 2641 377 2727 iaculaque
399 2664 459 2706 sua
482 2665 569 2724 esse,
590 2665 657 2706 non
672 2643 787 2706 militis
808 2640 950 2708 volebat.
994 2643 1066 2706 Hoc
1087 2643 1218 2728 proelio

234 2727 336 2789 Asiae
350 2728 526 2812 imperium
546 2750 583 2790 ra
607 2729 656 2790 uit
671 2729 785 2813 quinto
801 2736 874 2813 post
888 2747 965 2790 acce
989 2735 1059 2790 tum
1073 2749 1218 2811 regnum

237 2832 324 2874 anno
333 2858 342 2891 ,
360 2813 454 2898 cujus
470 2819 563 2875 tanta
583 2751 721 2876 lblicitas
736 2813 814 2892 fuit,
836 2821 874 2875 ut
887 2821 962 2898 post
978 2833 1039 2886 ,oc
1052 2833 1150 2875 nemo
1166 2835 1217 2876 re-

233 2895 360 2959 bellare
376 2917 474 2958 ausus
495 2897 553 2976 sit,
574 2899 801 2996 patienterque
816 2896 935 2960 Persae
949 2905 1024 2982 post
1037 2897 1218 2982 imperium

475 2981 588 3129 ‘ugum
605 2982 769 3046 servitutis
786 2982 980 3067 acceperint
1010 2981 1151 3044 Donatis
1165 3003 1217 3044 re-

183 2989 225 3047 44
235 2989 283 3044 tot
296 3001 457 3044 annorum

234 3066 393 3152 factisque
417 3003 514 3130 militi
538 3088 591 3146 us,
612 3067 749 3150 triginta
769 3075 911 3152 quatuor
924 3064 1042 3128 diebus
1056 3065 1217 3151 praedam

232 3150 436 3235 recognovit.
473 3151 513 3215 In
536 3150 619 3214 urbe
641 3151 761 3214 deinde
776 3153 861 3216 Susa
874 3149 1095 3299 puadraginta
1108 3149 1219 3216 millia

235 3234 396 3299 talentum
417 3237 555 3300 invenit.
607 3235 790 3322 Expugnat
818 3245 850 3300 et
904 3235 1083 3321 ersepolin,
1115 3245 1219 3320 caput

236 3319 361 3383 Persici
375 3323 481 3404 regni,
498 3320 613 3384 urbem
629 3321 792 3384 illustrem
806 3321 1024 3406 refertamque
1040 3319 1127 3383 orbis
1151 3329 1218 3382 ter-

236 3423 347 3466 rerum
371 3405 500 3490 spoliis,
524 3427 609 3492 quae
624 3406 760 3486 interitu
776 3407 846 3553 epus
860 3406 1004 3490 primum
1021 3425 1216 3490 apparuere.

184 3495 224 3554 45
235 3485 326 3551 Inter
355 3487 437 3552 haec
466 3491 646 3575 octingenti
680 3489 776 3554 admo
801 3513 857 3554 um
888 3491 1008 3554 Graeci
1038 3498 1220 3554 occurrunt
