2666 4246
225 347 263 405 14
509 347 650 400 marim
666 347 916 399 maronianum

652 501 729 558 csP.
747 499 780 552 V.

461 583 599 652 Dionysii
616 596 667 638 res
684 583 788 651 sesae
806 583 838 638 et
855 583 967 640 obitus.

176 677 214 737 to
289 667 472 752 Dionysius
494 667 596 752 igitur
617 675 788 752 tyrannus,
812 688 911 753 quem
933 687 1036 754 supra
1059 690 1080 732 a
1094 668 1214 732 Sicilia

225 754 407 818 exercitum
435 755 471 816 in
494 750 624 816 ltaliam
651 752 818 838 trajecisse
847 750 1040 840 bellumque
1070 752 1212 818 Graecis

224 838 377 903 intulisse
405 837 679 917 memoravimus,
709 837 908 938 expugnatis
937 837 1065 918 Locris,
1097 837 1212 903 Croto·
1329 899 1330 922 ,

225 926 367 999 aienses,
396 924 456 986 vix
482 922 570 986 vires
591 922 692 1007 longo
715 931 781 986 otro
804 944 847 986 ex
868 922 987 1006 prioris
1009 922 1091 988 belli
1114 923 1211 988 clade

225 1017 438 1088 resumentes,
461 1007 662 1092 aggreditur,
686 1009 743 1094 qui
760 1006 877 1072 fortius
892 1029 969 1071 oum
984 1010 1102 1158 paucis
1118 1017 1210 1072 tanto

226 1093 386 1159 exercitui
407 1093 480 1178 ejus
502 1113 602 1178 quam
625 1101 722 1156 antea
743 1113 818 1156 cum
837 1101 886 1156 tot
902 1092 988 1156 milli
1013 1115 1052 1158 us
1066 1093 1211 1158 Locren-

226 1181 311 1244 sium
359 1178 493 1242 aucitati
515 1178 716 1242 restiterunt.
762 1177 906 1248 'lautum
921 1179 1053 1242 virtutis
1068 1199 1210 1264 pauper-

226 1273 277 1328 tas
303 1201 461 1328 adversus
484 1262 663 1327 insolentes
685 1263 817 1326 divitias
840 1261 949 1343 habet,
978 1271 1139 1348 tantoque
1160 1265 1210 1326 in-

227 1358 358 1434 sperata
384 1347 551 1412 interdum
573 1369 674 1433 quam
696 1356 827 1434 sperata
847 1348 987 1411 victoria
1009 1349 1129 1412 certior
1150 1359 1208 1412 est.

177 1442 218 1500 20
227 1433 293 1500 Sed
314 1434 514 1518 Dionysium
545 1441 713 1518 gerentem
742 1431 868 1496 bellum
896 1432 997 1516 legati
1021 1430 1208 1512 Gallorum,

227 1520 286 1606 qui
314 1527 390 1583 ante
423 1539 553 1583 menses
578 1517 717 1582 Romam
748 1519 981 1598 incenderant,
1016 1518 1206 1582 societatem

228 1605 472 1690 amicitiamque
505 1611 653 1688 petentes
683 1603 822 1685 adeuut3
859 1617 977 1684 pentem
1007 1625 1097 1668 suum
1127 1613 1210 1668 tuter

227 1698 332 1756 hostes
358 1697 426 1769 esus
450 1696 589 1768 positum
621 1709 690 1753 esse
716 1709 893 1768 magnoque
918 1697 989 1753 usta
1018 1697 1048 1753 ei
1066 1695 1208 1768 futuram
1331 1729 1332 1750 r

228 1784 277 1841 uel
297 1784 329 1841 in
352 1783 424 1840 acie
445 1781 582 1852 bellumi,
610 1780 659 1838 vel
679 1781 719 1838 de
740 1787 829 1853 teryo
853 1781 979 1840 intentis
1001 1781 1033 1838 in
1049 1781 1208 1852 proellum

227 1867 378 1939 hostibus,
416 1857 591 1924 affirmant.
638 1858 742 1924 Grata
778 1859 898 1943 legatio
935 1858 1099 1943 Dionysio
1136 1859 1207 1922 fnit.
1273 1881 1279 1888 ·

225 1946 278 2010 lta
313 1955 410 2032 pacta
446 1944 600 2010 societate
637 1953 670 2007 ot
701 1943 835 2012 auxiliis
869 1943 1042 2008 Gallorum
1080 1952 1206 2024 auctus,

177 2030 352 2098 llbellum
371 2030 464 2095 velut
478 2051 520 2094 ex
534 2031 663 2115 integro
678 2037 849 2092 restaurat.
893 2028 955 2092 His
971 2036 1082 2092 autem
1098 2027 1206 2093 Gallis

228 2137 330 2178 causa
361 2117 397 2179 in
422 2114 553 2178 Italiam
585 2115 744 2178 veniendi
777 2113 940 2201 sedesque
972 2123 1075 2178 novas
1109 2135 1209 2200 quae-

228 2199 325 2264 rendi
350 2200 507 2264 intestina
537 2199 703 2264 discordia
733 2208 765 2263 et
793 2198 945 2263 assiduae
973 2198 1062 2263 domi
1082 2197 1209 2262 dissen-

228 2287 338 2350 siones
360 2284 469 2367 fuere3
492 2305 633 2371 quarum
655 2283 765 2349 taedio
784 2305 888 2371 quum
903 2285 938 2347 in
953 2283 1085 2348 ltaliam
1100 2284 1210 2348 venis-

229 2379 312 2451 sent,
345 2369 479 2434 sedibus
513 2370 640 2434 Tuscos
673 2369 875 2454 expulerunt
906 2377 948 2433 et.
971 2367 1209 2448 Mediolanum,

228 2455 379 2537 Comum,
401 2455 562 2535 Brixiam,
582 2453 759 2535 Veronam,
775 2454 986 2540 Bergomum,
1002 2453 1210 2530 Tridentum,

228 2541 416 2605 Vicentiam
439 2539 668 2605 condiderunt.
713 2540 814 2604 Tusci
837 2561 969 2625 qnoque
991 2537 1075 2602 duce
1097 2535 1210 2614 Raeto,

228 2627 325 2691 avitis
362 2625 498 2691 sedibus
535 2626 683 2704 amissis,
719 2625 822 2712 Alpes
858 2645 1062 2774 occupavere
1098 2633 1133 2688 et
1168 2645 1211 2688 ex

179 2712 363 2778 eonomine
396 2710 491 2775 ducis
524 2718 638 2796 gentes
666 2710 843 2776 Raetorum
870 2731 931 2774 con
957 2709 1100 2774 iderunt.
1144 2707 1211 2774 Sed

228 2796 429 2881 Dionysium
459 2797 494 2859 in
523 2795 670 2861 Siciliam
699 2796 861 2860 adventus
883 2793 1208 2879 Carthaginiensium

199 2964 201 2968 .
229 2882 413 2966 revocavit3
442 2882 502 2968 qni
528 2890 679 2966 reparato
706 2881 855 2946 exercitu
876 2879 1013 2960 bellum,
1044 2878 1133 2967 quod
1155 2879 1210 2944 lue

229 2967 453 3048 deseruerant,
483 2968 588 3031 auctis
617 2967 744 3031 viribus
773 2965 975 3052 repetebant
1019 2964 1101 3029 Dux
1128 2963 1209 3028 b‘elli

229 3054 353 3119 Hanno
376 3052 659 3138 Carthaginiensis
687 3060 770 3136 erat3
799 3053 895 3138 cujus
916 3051 1070 3114 inimicus
1090 3049 1210 3114 Sunia

230 3148 295 3221 tus,
324 3138 570 3226 potentissimus
600 3159 640 3201 ea
665 3144 859 3222 tempestate
881 3136 1077 3216 Poenorum,
1107 3155 1209 3221 quum

230 3225 306 3290 odio
336 3226 408 3312 ejus
431 3223 568 3288 Graecis
598 3222 702 3288 literis
726 3221 889 3307 Dionysio
916 3221 1096 3286 adventum
1119 3241 1211 3284 exer-

181 3354 204 3366 ,.
231 3311 316 3374 citus
338 3319 371 3374 et
392 3310 568 3394 segnitiam
591 3307 685 3373 ducis
707 3307 913 3373 familiariter
930 3306 1209 3392 praenunciasset,

230 3394 479 3482 comprehensis
507 3392 656 3480 epistolis
684 3392 880 3478 proditionis
908 3391 1093 3471 damnatur,
1124 3392 1210 3456 facto

230 3480 534 3546 senatusconsulto:
563 3499 605 3551 ne.
619 3487 704 3560 ‘quir
726 3491 842 3561 posteo
865 3483 1135 3557 Ourttom'm‘emr'r
1156 3488 1212 3540 aut

232 3571 333 3631 literis
350 3571 557 3633 Graeciam
577 3573 716 3631 sermoni
736 3569 881 3640 erudera,
903 3583 944 3628 ae
965 3569 1211 3641 autoretatem
