2658 4244
266 319 305 382 26
546 320 685 373 JUSTINI
703 321 949 374 HISTORIARUM
971 351 979 386 3

268 482 367 554 esset,
393 473 496 539 Joues
525 495 564 538 ex
589 481 763 558 praecepto
788 468 1016 537 Themistoclis
1046 493 1177 558 pugnae
1204 494 1238 536 se

267 559 426 648 paulatim
442 559 633 630 subtrahere
649 566 835 642 coeperunt,
859 579 999 644 qnorum
1021 557 1157 622 defectio
1174 559 1239 620 ani-

267 667 338 710 mos
355 655 535 711 ceterorum
551 644 656 727 fregit.
691 645 806 730 Itaque
818 644 1115 728 circumspicientes
1127 643 1237 728 iugem

268 730 438 816 pelluntur
451 731 583 812 Persae,
605 739 637 794 et
655 751 733 794 mox
753 729 877 814 proelio
901 730 979 793 vieti
993 730 1028 792 iu
1042 729 1155 814 fugam
1170 751 1239 792 ver·

267 826 390 884 tuntur.
434 817 474 882 Iu
504 838 571 902 qua
592 816 809 901 trepidatione
836 814 960 894 multae
986 823 1102 900 captae
1128 835 1238 894 naves,
1305 889 1306 894 η

267 903 391 968 multae
411 924 552 984 mersae3
581 900 693 986 plures
719 911 828 966 tamen
851 922 916 964 non
939 901 1049 964 minus
1071 900 1238 966 saevitiam

267 989 365 1074 regis,
381 1007 480 1074 quam
496 987 625 1052 hostem,
637 988 789 1052 timentes
806 987 939 1051 domum
955 985 1157 1052 dilabuntur.

692 1142 768 1198 OAP.
786 1143 819 1193 V.
868 1149 870 1158 ’

645 1225 761 1281 Xerxis
778 1225 863 1292 fugo.

217 1337 257 1395 30
330 1329 404 1394 Hac
422 1328 515 1393 clade
537 1327 724 1412 perculsum
746 1337 779 1393 et
798 1327 936 1393 dubium
952 1326 1082 1391 consilii
1094 1326 1238 1390 Xerxem
1301 1318 1306 1360 ³

266 1413 459 1480 Mardonius
482 1413 682 1498 aggreditur.
725 1413 899 1496 Hortatur,
929 1421 961 1478 in
987 1435 1116 1492 reprom
1139 1419 1238 1488 essct,

161 1571 165 1580 Ι
267 1523 306 1565 ne
328 1507 405 1581 quid
422 1507 586 1566 seditionis
601 1506 721 1566 moveat
731 1507 823 1578 somn
838 1507 964 1564 adversi
980 1505 1060 1577 belli,
1084 1507 1116 1564 in
1131 1504 1239 1576 majas,

267 1594 362 1652 sicuti
387 1608 453 1652 mor
476 1599 541 1664 est,
571 1594 674 1651 oronte
698 1592 848 1650 extollens
857 1611 871 1662 ,·
899 1591 962 1652 sibi
983 1597 1123 1649 trecenta
1144 1591 1239 1650 mittio

268 1684 458 1738 armatorum
497 1679 577 1737 lecta
609 1693 649 1736 ex
677 1676 818 1738 omnibus
848 1678 949 1750 copiis
976 1678 1147 1750 relinqunt,
1182 1689 1240 1749 ooo
1305 1716 1306 1755 3

267 1781 361 1823 mono
385 1773 439 1823 out
461 1765 656 1837 compleris
676 1763 744 1835 epira
751 1761 1000 1835 perdomitorum
1014 1779 1050 1820 re
1067 1763 1238 1832 Graeciam,
1305 1831 1306 1836 γ

268 1857 334 1922 out,
370 1852 400 1912 si
434 1852 526 1910 aliter
553 1854 677 1908 eventus
700 1849 816 1922 suerit,
847 1849 917 1906 sine
943 1848 1080 1920 ejusdem
1109 1847 1239 1920 insumis

266 1937 409 1996 hostibus
430 1952 597 1996 cessurum.
634 1927 776 1993 Probato
793 1926 941 2008 consilio,
956 1925 1129 1992 Mardonia
1151 1947 1239 1990 exer·

266 2017 352 2079 citus
377 2015 531 2098 traditur,
553 2014 614 2080 reli
639 2035 698 2079 uas
719 2014 831 2097 copias
853 2035 913 2078 rex
932 2015 1004 2098 ipse
1024 2011 1183 2078 reducere
1206 2012 1238 2074 in

217 2107 255 2164 31
266 2121 407 2184 regnum
427 2108 531 2183 parat.
575 2037 642 2165 Sel
658 2097 787 2179 Graeci,
804 2097 917 2162 audita
931 2099 1019 2184 regis
1033 2098 1122 2183 fuga,
1138 2097 1238 2162 consi-

267 2184 348 2250 lium
382 2185 500 2250 ineunt
531 2184 640 2270 pontis
673 2183 951 2269 interrumpendi,
987 2205 1085 2270 quem
1114 2181 1170 2248 ille
1198 2180 1236 2244 ab

266 2269 391 2356 Abydo
409 2269 514 2336 veluti
534 2270 642 2334 victor
660 2269 759 2334 maris
781 2268 918 2349 fecerat,
935 2277 985 2350 ut,
1001 2269 1180 2334 intercluso
1193 2287 1238 2331 re-

267 2355 348 2434 ditu,
365 2364 423 2420 aut
438 2377 513 2422 curn
529 2356 676 2420 exercitu
693 2353 866 2436 deleretur,
881 2363 939 2418 aut
953 2353 1181 2438 desperatione
1194 2373 1239 2416 re·

216 2449 256 2506 32
266 2463 338 2505 rum
355 2463 471 2527 pacem
482 2443 591 2506 victus
602 2450 712 2526 petere
724 2450 904 2526 cogeretur.
927 2440 994 2506 Sed
1005 2438 1238 2506 Themistocles

265 2529 402 2610 timens,
423 2550 466 2592 ne
486 2526 656 2592 interclusi
675 2526 785 2592 hostes
808 2526 1068 2613 desperationem
1087 2528 1123 2590 in
1142 2527 1238 2590 virtu·

267 2624 332 2678 tem
353 2623 527 2696 verterent,
549 2623 582 2676 et
606 2612 681 2694 iter,
703 2611 792 2699 quod
814 2612 909 2678 aliter
923 2634 989 2676 non
1005 2619 1142 2697 pateret,
1156 2612 1238 2676 ferro
1302 2648 1303 2652 =

265 2699 504 2786 patefacerent,
530 2707 610 2764 satis
639 2706 749 2764 multos
777 2705 882 2764 testea
911 2706 943 2764 in
973 2704 1110 2764 Graecia
1138 2717 1237 2762 rems-

266 2807 341 2850 nere
371 2784 538 2864 dictitans,
564 2806 623 2849 neo
650 2793 761 2864 ononi
782 2806 938 2850 numerum
960 2791 1122 2850 retinendo
1146 2805 1238 2864 opor·

266 2885 344 2950 tere,
371 2893 472 2957 quum
495 2872 629 2936 vincere
645 2868 781 2936 consilio
798 2879 922 2934 ceteros
936 2890 1003 2933 non
1018 2876 1142 2956 posset,
1164 2889 1238 2933 eun·
1302 2916 1303 2925 t

268 2955 342 3020 dem
357 2979 489 3026 servum
505 2956 548 3021 ad
562 2955 708 3021 Xerxem
725 2956 840 3035 mittit,
857 2955 1094 3041 certioremque
1112 2952 1238 3020 consilii

217 3051 256 3108 33
266 3043 353 3123 facit,
371 3051 403 3107 et
417 3063 579 3127 occupare
593 3041 768 3108 transitum
783 3049 946 3106 maturata
959 3040 1039 3126 fuga
1047 3039 1153 3127 jubet.
1180 3037 1238 3104 llle

266 3128 437 3228 perculsus
452 3129 585 3210 nuncio,
600 3127 701 3194 tradit
715 3126 854 3193 ducibus
870 3125 989 3192 milites
1001 3123 1237 3210 perducendos,
1303 3149 1304 3152 ¹

266 3237 338 3300 rpse
359 3235 434 3280 curn
450 3215 564 3300 paucis
579 3213 725 3300 Abydon
741 3211 918 3278 contendit.
951 3211 1020 3278 Ubi
1038 3233 1140 3298 quum
1156 3209 1238 3276 selu·

266 3308 336 3364 tum
351 3309 484 3388 pontem
500 3300 646 3365 hibernis
660 3297 908 3382 tempestatibus
923 3297 1122 3377 offendisset,
1138 3298 1237 3382 pisca

265 3387 351 3449 toria
364 3385 488 3470 scapha
501 3384 649 3472 trepidus
663 3385 801 3471 trajecit
826 3383 909 3448 Erat
923 3405 976 3450 res
992 3382 1177 3471 spectaculo
1193 3380 1237 3444 di·

267 3492 334 3556 gna
357 3480 389 3536 et
408 3473 633 3538 aestimatione
652 3471 748 3535 sortis
763 3468 941 3551 humanae,
957 3468 1238 3534 rerum⁴varietate

266 3555 432 3622 miranda:
454 3557 489 3622 in
513 3559 635 3643 exiguo
656 3555 811 3622 latentem
830 3555 945 3621 videre
966 3556 1116 3640 navigio,
1142 3573 1236 3642 quem
