<?xml version="1.0" encoding="UTF-8"?>
<!DOCTYPE html PUBLIC "-//W3C//DTD XHTML 1.0 Transitional//EN"
    "http://www.w3.org/TR/xhtml1/DTD/xhtml1-transitional.dtd">
<html xmlns="http://www.w3.org/1999/xhtml" xml:lang="en" lang="en">
 <head>
  <title>
</title>
<meta http-equiv="Content-Type" content="text/html;charset=utf-8" />
  <meta name='ocr-system' content='tesseract 3.04.00' />
  <meta name='ocr-capabilities' content='ocr_page ocr_carea ocr_par ocr_line ocrx_word'/>
</head>
<body>
  <div class='ocr_page' id='page_1' title='image "./historiarumlibr00eitngoog/historiarumlibr00eitngoog_0038.png"; bbox 0 0 2658 4244; ppageno 0'>
   <div class='ocr_carea' id='block_1_1' title="bbox 512 321 1078 429">
    <p class='ocr_par' dir='ltr' id='par_1_1' title="bbox 512 321 1078 429">
     <span class='ocr_line' id='line_1_1' title="bbox 512 321 1078 429; baseline 0.009 -23"><span class='ocrx_word' id='word_1_1' title='bbox 512 353 622 406; x_wconf 78' lang='lat' dir='ltr'><strong>umus</strong></span> <span class='ocrx_word' id='word_1_2' title='bbox 638 355 671 429; x_wconf 75' lang='lat' dir='ltr'><strong>u.</strong></span> <span class='ocrx_word' id='word_1_3' title='bbox 907 321 913 328; x_wconf 52' lang='lat'><strong>¹</strong></span> <span class='ocrx_word' id='word_1_4' title='bbox 1038 349 1078 412; x_wconf 76' lang='lat' dir='ltr'><strong>aa</strong></span> 
     </span>
    </p>
   </div>
   <div class='ocr_carea' id='block_1_2' title="bbox 90 503 1211 2480">
    <p class='ocr_par' dir='ltr' id='par_1_2' title="bbox 90 503 1126 2048">
     <span class='ocr_line' id='line_1_2' title="bbox 100 503 1078 587; baseline 0 -17"><span class='ocrx_word' id='word_1_5' title='bbox 100 513 136 570; x_wconf 87' lang='lat' dir='ltr'><strong>ut</strong></span> <span class='ocrx_word' id='word_1_6' title='bbox 150 503 202 570; x_wconf 90' lang='lat' dir='ltr'><strong>bis</strong></span> <span class='ocrx_word' id='word_1_7' title='bbox 218 505 348 570; x_wconf 88' lang='lat' dir='ltr'><strong>illatum</strong></span> <span class='ocrx_word' id='word_1_8' title='bbox 365 527 386 568; x_wconf 91' lang='lat' dir='ltr'><strong>a</strong></span> <span class='ocrx_word' id='word_1_9' title='bbox 396 503 507 578; x_wconf 51' lang='lat' dir='ltr'><strong>¹Persis</strong></span> <span class='ocrx_word' id='word_1_10' title='bbox 520 503 680 568; x_wconf 80' lang='lat' dir='ltr'>Graeciae</span> <span class='ocrx_word' id='word_1_11' title='bbox 694 503 818 573; x_wconf 85' lang='lat' dir='ltr'><strong>bellurn</strong></span> <span class='ocrx_word' id='word_1_12' title='bbox 832 504 1078 587; x_wconf 84' lang='lat' dir='ltr'><strong>ulciscerentur,</strong></span> 
     </span>
     <span class='ocr_line' id='line_1_3' title="bbox 98 588 1078 675; baseline 0.002 -19"><span class='ocrx_word' id='word_1_13' title='bbox 98 591 185 658; x_wconf 89' lang='lat' dir='ltr'><strong>ultro</strong></span> <span class='ocrx_word' id='word_1_14' title='bbox 201 590 286 656; x_wconf 90' lang='lat' dir='ltr'><strong>fines</strong></span> <span class='ocrx_word' id='word_1_15' title='bbox 306 612 418 656; x_wconf 90' lang='lat' dir='ltr'><strong>eorum</strong></span> <span class='ocrx_word' id='word_1_16' title='bbox 442 588 695 675; x_wconf 77' lang='lat' dir='ltr'>depopulantur.</span> <span class='ocrx_word' id='word_1_17' title='bbox 737 591 868 656; x_wconf 80' lang='lat' dir='ltr'><strong>Ducem</strong></span> <span class='ocrx_word' id='word_1_18' title='bbox 897 613 958 656; x_wconf 88' lang='lat' dir='ltr'><strong>suo</strong></span> <span class='ocrx_word' id='word_1_19' title='bbox 977 594 1078 658; x_wconf 88' lang='lat' dir='ltr'><strong>socio·</strong></span> 
     </span>
     <span class='ocr_line' id='line_1_4' title="bbox 96 674 1078 763; baseline 0 -21"><span class='ocrx_word' id='word_1_20' title='bbox 96 699 241 763; x_wconf 90' lang='lat' dir='ltr'><strong>rumque</strong></span> <span class='ocrx_word' id='word_1_21' title='bbox 253 677 412 750; x_wconf 85' lang='lat' dir='ltr'><strong>exercitui</strong></span> <span class='ocrx_word' id='word_1_22' title='bbox 425 674 575 760; x_wconf 88' lang='lat' dir='ltr'><strong>deligunt</strong></span> <span class='ocrx_word' id='word_1_23' title='bbox 582 675 792 758; x_wconf 86' lang='lat' dir='ltr'><strong>Pausaniam,</strong></span> <span class='ocrx_word' id='word_1_24' title='bbox 804 678 872 763; x_wconf 91' lang='lat' dir='ltr'><strong>qui,</strong></span> <span class='ocrx_word' id='word_1_25' title='bbox 884 699 944 762; x_wconf 91' lang='lat' dir='ltr'><strong>pro</strong></span> <span class='ocrx_word' id='word_1_26' title='bbox 957 677 1078 744; x_wconf 89' lang='lat' dir='ltr'><strong>ducatu</strong></span> 
     </span>
     <span class='ocr_line' id='line_1_5' title="bbox 94 761 1077 850; baseline 0.001 -24"><span class='ocrx_word' id='word_1_27' title='bbox 94 785 240 850; x_wconf 88' lang='lat' dir='ltr'><strong>ragnum</strong></span> <span class='ocrx_word' id='word_1_28' title='bbox 253 763 412 828; x_wconf 78' lang='lat' dir='ltr'><strong>Graeciae</strong></span> <span class='ocrx_word' id='word_1_29' title='bbox 424 762 588 841; x_wconf 83' lang='lat' dir='ltr'><strong>affectans,</strong></span> <span class='ocrx_word' id='word_1_30' title='bbox 600 761 795 849; x_wconf 84' lang='lat' dir='ltr'>proditionis</span> <span class='ocrx_word' id='word_1_31' title='bbox 806 763 990 849; x_wconf 88' lang='lat' dir='ltr'><strong>praemium</strong></span> <span class='ocrx_word' id='word_1_32' title='bbox 1002 784 1077 827; x_wconf 90' lang='lat' dir='ltr'><strong>cum</strong></span> 
     </span>
     <span class='ocr_line' id='line_1_6' title="bbox 94 847 1076 949; baseline -0.001 -36"><span class='ocrx_word' id='word_1_33' title='bbox 94 848 213 914; x_wconf 80' lang='lat' dir='ltr'>Xerxe</span> <span class='ocrx_word' id='word_1_34' title='bbox 233 849 367 933; x_wconf 79' lang='lat' dir='ltr'><strong>nuptias</strong></span> <span class='ocrx_word' id='word_1_35' title='bbox 382 847 472 914; x_wconf 80' lang='lat' dir='ltr'><strong>filiae</strong></span> <span class='ocrx_word' id='word_1_36' title='bbox 486 848 556 933; x_wconf 82' lang='lat' dir='ltr'><strong>ejus</strong></span> <span class='ocrx_word' id='word_1_37' title='bbox 567 849 759 949; x_wconf 83' lang='lat' dir='ltr'><strong>paciscitur,</strong></span> <span class='ocrx_word' id='word_1_38' title='bbox 774 847 911 914; x_wconf 74' lang='lat' dir='ltr'><strong>redditis</strong></span> <span class='ocrx_word' id='word_1_39' title='bbox 927 849 1076 934; x_wconf 81' lang='lat' dir='ltr'><strong>captivis,</strong></span> 
     </span>
     <span class='ocr_line' id='line_1_7' title="bbox 94 931 1078 1019; baseline -0.001 -21"><span class='ocrx_word' id='word_1_40' title='bbox 94 944 131 998; x_wconf 91' lang='lat' dir='ltr'><strong>ut</strong></span> <span class='ocrx_word' id='word_1_41' title='bbox 143 934 233 1001; x_wconf 85' lang='lat' dir='ltr'><strong>fides</strong></span> <span class='ocrx_word' id='word_1_42' title='bbox 248 955 284 998; x_wconf 92' lang='lat' dir='ltr'><strong>re</strong></span> <span class='ocrx_word' id='word_1_43' title='bbox 309 935 336 999; x_wconf 85' lang='lat' dir='ltr'><strong>&#39;s</strong></span> <span class='ocrx_word' id='word_1_44' title='bbox 351 933 463 1019; x_wconf 91' lang='lat' dir='ltr'><strong>aliquo</strong></span> <span class='ocrx_word' id='word_1_45' title='bbox 477 931 638 998; x_wconf 88' lang='lat' dir='ltr'><strong>benehcio</strong></span> <span class='ocrx_word' id='word_1_46' title='bbox 653 933 921 1019; x_wconf 82' lang='lat' dir='ltr'><strong>obstringeretur.</strong></span> <span class='ocrx_word' id='word_1_47' title='bbox 955 933 1078 1000; x_wconf 82' lang='lat' dir='ltr'><strong>Scribit</strong></span> 
     </span>
     <span class='ocr_line' id='line_1_8' title="bbox 93 1019 1075 1104; baseline 0 -20"><span class='ocrx_word' id='word_1_48' title='bbox 93 1029 270 1104; x_wconf 88' lang='lat' dir='ltr'><strong>praeterea</strong></span> <span class='ocrx_word' id='word_1_49' title='bbox 328 1019 408 1099; x_wconf 84' lang='lat' dir='ltr'><strong>erxi,</strong></span> <span class='ocrx_word' id='word_1_50' title='bbox 439 1041 636 1100; x_wconf 72' lang='lat' dir='ltr'><strong>praeseusque</strong></span> <span class='ocrx_word' id='word_1_51' title='bbox 658 1027 704 1086; x_wconf 84' lang='lat' dir='ltr'><strong>ati</strong></span> <span class='ocrx_word' id='word_1_52' title='bbox 722 1043 757 1084; x_wconf 82' lang='lat' dir='ltr'><strong>re</strong></span> <span class='ocrx_word' id='word_1_53' title='bbox 777 1029 910 1090; x_wconf 77' lang='lat' dir='ltr'><strong>nuncios</strong></span> <span class='ocrx_word' id='word_1_54' title='bbox 931 1029 1075 1098; x_wconf 77' lang='lat' dir='ltr'><strong>misisset,</strong></span> 
     </span>
     <span class='ocr_line' id='line_1_9' title="bbox 93 1111 1075 1187; baseline 0.002 -17"><span class='ocrx_word' id='word_1_55' title='bbox 93 1113 351 1187; x_wconf 82' lang='lat' dir='ltr'><strong>interfecturum,</strong></span> <span class='ocrx_word' id='word_1_56' title='bbox 380 1127 420 1170; x_wconf 84' lang='lat' dir='ltr'><strong>ne</strong></span> <span class='ocrx_word' id='word_1_57' title='bbox 448 1127 501 1170; x_wconf 84' lang='lat' dir='ltr'><strong>rec</strong></span> <span class='ocrx_word' id='word_1_58' title='bbox 526 1111 717 1184; x_wconf 78' lang='lat' dir='ltr'><strong>loquacitate</strong></span> <span class='ocrx_word' id='word_1_59' title='bbox 745 1111 901 1171; x_wconf 79' lang='lat' dir='ltr'><strong>lominum</strong></span> <span class='ocrx_word' id='word_1_60' title='bbox 920 1113 1075 1184; x_wconf 81' lang='lat' dir='ltr'><strong>prodere-</strong></span> 
     </span>
     <span class='ocr_line' id='line_1_10' title="bbox 92 1189 1126 1271; baseline 0.002 -15"><span class='ocrx_word' id='word_1_61' title='bbox 92 1205 152 1259; x_wconf 82' lang='lat' dir='ltr'><strong>tur.</strong></span> <span class='ocrx_word' id='word_1_62' title='bbox 200 1189 271 1256; x_wconf 88' lang='lat' dir='ltr'><strong>Sed</strong></span> <span class='ocrx_word' id='word_1_63' title='bbox 288 1189 362 1254; x_wconf 41' lang='lat' dir='ltr'><strong>‘dux</strong></span> <span class='ocrx_word' id='word_1_64' title='bbox 381 1189 635 1260; x_wconf 82' lang='lat' dir='ltr'><strong>Atheniensium</strong></span> <span class='ocrx_word' id='word_1_65' title='bbox 654 1189 831 1270; x_wconf 76' lang='lat' dir='ltr'><strong>Aristides,</strong></span> <span class='ocrx_word' id='word_1_66' title='bbox 854 1190 935 1256; x_wconf 88' lang='lat' dir='ltr'><strong>belli</strong></span> <span class='ocrx_word' id='word_1_67' title='bbox 956 1192 1075 1271; x_wconf 89' lang='lat' dir='ltr'><strong>socius,</strong></span> <span class='ocrx_word' id='word_1_68' title='bbox 1085 1201 1126 1258; x_wconf 84' lang='grc'><strong>44</strong></span> 
     </span>
     <span class='ocr_line' id='line_1_11' title="bbox 91 1274 1076 1362; baseline 0 -20"><span class='ocrx_word' id='word_1_69' title='bbox 91 1277 246 1362; x_wconf 89' lang='lat' dir='ltr'><strong>collegae</strong></span> <span class='ocrx_word' id='word_1_70' title='bbox 263 1275 434 1342; x_wconf 85' lang='lat' dir='ltr'><strong>conatibus</strong></span> <span class='ocrx_word' id='word_1_71' title='bbox 450 1274 580 1340; x_wconf 88' lang='lat' dir='ltr'><strong>obviam</strong></span> <span class='ocrx_word' id='word_1_72' title='bbox 597 1275 716 1358; x_wconf 89' lang='lat' dir='ltr'><strong>eundo,</strong></span> <span class='ocrx_word' id='word_1_73' title='bbox 731 1276 829 1340; x_wconf 87' lang='lat' dir='ltr'><strong>simul</strong></span> <span class='ocrx_word' id='word_1_74' title='bbox 846 1278 926 1342; x_wconf 90' lang='lat' dir='ltr'><strong>etin</strong></span> <span class='ocrx_word' id='word_1_75' title='bbox 942 1297 1011 1342; x_wconf 90' lang='lat' dir='ltr'><strong>rem</strong></span> <span class='ocrx_word' id='word_1_76' title='bbox 1027 1300 1076 1342; x_wconf 77' lang='lat' dir='ltr'><strong>sa</strong></span> 
     </span>
     <span class='ocr_line' id='line_1_12' title="bbox 91 1360 1076 1448; baseline 0.002 -22"><span class='ocrx_word' id='word_1_77' title='bbox 91 1363 227 1448; x_wconf 89' lang='lat' dir='ltr'><strong>pienter</strong></span> <span class='ocrx_word' id='word_1_78' title='bbox 242 1360 445 1438; x_wconf 86' lang='lat' dir='ltr'><strong>consulendo</strong></span> <span class='ocrx_word' id='word_1_79' title='bbox 460 1360 656 1446; x_wconf 80' lang='lat' dir='ltr'><strong>proditionis</strong></span> <span class='ocrx_word' id='word_1_80' title='bbox 672 1362 810 1426; x_wconf 86' lang='lat' dir='ltr'><strong>consilia</strong></span> <span class='ocrx_word' id='word_1_81' title='bbox 821 1363 982 1428; x_wconf 86' lang='lat' dir='ltr'><strong>discussit.</strong></span> <span class='ocrx_word' id='word_1_82' title='bbox 1005 1363 1076 1428; x_wconf 90' lang='lat' dir='ltr'><strong>Nec</strong></span> 
     </span>
     <span class='ocr_line' id='line_1_13' title="bbox 92 1447 1074 1533; baseline 0.001 -21"><span class='ocrx_word' id='word_1_83' title='bbox 92 1448 202 1512; x_wconf 88' lang='lat' dir='ltr'><strong>multo</strong></span> <span class='ocrx_word' id='word_1_84' title='bbox 221 1457 296 1533; x_wconf 91' lang='lat' dir='ltr'><strong>post</strong></span> <span class='ocrx_word' id='word_1_85' title='bbox 321 1455 493 1512; x_wconf 83' lang='lat' dir='ltr'><strong>accusatus</strong></span> <span class='ocrx_word' id='word_1_86' title='bbox 514 1447 697 1518; x_wconf 82' lang='lat' dir='ltr'><strong>Pausanias</strong></span> <span class='ocrx_word' id='word_1_87' title='bbox 718 1447 902 1513; x_wconf 87' lang='lat' dir='ltr'><strong>damnatur.</strong></span> <span class='ocrx_word' id='word_1_88' title='bbox 944 1449 1074 1513; x_wconf 86' lang='lat' dir='ltr'><strong>Xerxes</strong></span> 
     </span>
     <span class='ocr_line' id='line_1_14' title="bbox 90 1531 1073 1620; baseline 0.001 -23"><span class='ocrx_word' id='word_1_89' title='bbox 90 1535 213 1619; x_wconf 88' lang='lat' dir='ltr'><strong>igitur,</strong></span> <span class='ocrx_word' id='word_1_90' title='bbox 238 1556 341 1620; x_wconf 88' lang='lat' dir='ltr'><strong>quum</strong></span> <span class='ocrx_word' id='word_1_91' title='bbox 363 1532 558 1618; x_wconf 87' lang='lat' dir='ltr'><strong>proditionis</strong></span> <span class='ocrx_word' id='word_1_92' title='bbox 582 1531 695 1598; x_wconf 90' lang='lat' dir='ltr'><strong>dolum</strong></span> <span class='ocrx_word' id='word_1_93' title='bbox 711 1533 922 1619; x_wconf 87' lang='lat' dir='ltr'><strong>publicatum</strong></span> <span class='ocrx_word' id='word_1_94' title='bbox 936 1533 1073 1614; x_wconf 85' lang='lat' dir='ltr'><strong>videret,</strong></span> 
     </span>
     <span class='ocr_line' id='line_1_15' title="bbox 92 1618 1124 1720; baseline 0.002 -36"><span class='ocrx_word' id='word_1_95' title='bbox 92 1642 133 1684; x_wconf 88' lang='lat' dir='ltr'><strong>ex</strong></span> <span class='ocrx_word' id='word_1_96' title='bbox 158 1621 294 1704; x_wconf 88' lang='lat' dir='ltr'><strong>integro</strong></span> <span class='ocrx_word' id='word_1_97' title='bbox 313 1618 438 1684; x_wconf 91' lang='lat' dir='ltr'><strong>bellum</strong></span> <span class='ocrx_word' id='word_1_98' title='bbox 460 1619 603 1684; x_wconf 87' lang='lat' dir='ltr'><strong>instruit.</strong></span> <span class='ocrx_word' id='word_1_99' title='bbox 655 1618 775 1686; x_wconf 83' lang='lat' dir='ltr'><strong>Graeci</strong></span> <span class='ocrx_word' id='word_1_100' title='bbox 798 1642 929 1720; x_wconf 80' lang='lat' dir='ltr'><strong>quoque</strong></span> <span class='ocrx_word' id='word_1_101' title='bbox 956 1619 1072 1685; x_wconf 90' lang='lat' dir='ltr'><strong>ducem</strong></span> <span class='ocrx_word' id='word_1_102' title='bbox 1083 1629 1124 1686; x_wconf 83' lang='grc'><strong>45</strong></span> 
     </span>
     <span class='ocr_line' id='line_1_16' title="bbox 93 1703 1072 1787; baseline 0.002 -19"><span class='ocrx_word' id='word_1_103' title='bbox 93 1706 301 1770; x_wconf 89' lang='lat' dir='ltr'><strong>constituunt</strong></span> <span class='ocrx_word' id='word_1_104' title='bbox 330 1703 470 1769; x_wconf 85' lang='lat' dir='ltr'><strong>Cimona</strong></span> <span class='ocrx_word' id='word_1_105' title='bbox 491 1703 746 1787; x_wconf 83' lang='lat' dir='ltr'><strong>Atheniensem,</strong></span> <span class='ocrx_word' id='word_1_106' title='bbox 775 1705 880 1772; x_wconf 88' lang='lat' dir='ltr'><strong>filrum</strong></span> <span class='ocrx_word' id='word_1_107' title='bbox 902 1705 1072 1785; x_wconf 82' lang='lat' dir='ltr'><strong>Miltiadis,</strong></span> 
     </span>
     <span class='ocr_line' id='line_1_17' title="bbox 92 1789 1072 1877; baseline -0.002 -21"><span class='ocrx_word' id='word_1_108' title='bbox 92 1813 157 1876; x_wconf 90' lang='lat' dir='ltr'><strong>quo</strong></span> <span class='ocrx_word' id='word_1_109' title='bbox 175 1789 263 1854; x_wconf 87' lang='lat' dir='ltr'><strong>duce</strong></span> <span class='ocrx_word' id='word_1_110' title='bbox 283 1789 374 1875; x_wconf 89' lang='lat' dir='ltr'><strong>apud</strong></span> <span class='ocrx_word' id='word_1_111' title='bbox 388 1789 615 1860; x_wconf 80' lang='lat' dir='ltr'><strong>Marathonem</strong></span> <span class='ocrx_word' id='word_1_112' title='bbox 629 1800 813 1877; x_wconf 86' lang='lat' dir='ltr'><strong>pugnatum</strong></span> <span class='ocrx_word' id='word_1_113' title='bbox 830 1800 887 1871; x_wconf 92' lang='lat' dir='ltr'><strong>est,</strong></span> <span class='ocrx_word' id='word_1_114' title='bbox 901 1792 1072 1876; x_wconf 87' lang='lat' dir='ltr'><strong>juvenem,</strong></span> 
     </span>
     <span class='ocr_line' id='line_1_18' title="bbox 93 1874 1072 1960; baseline 0.002 -22"><span class='ocrx_word' id='word_1_115' title='bbox 93 1877 193 1939; x_wconf 87' lang='lat' dir='ltr'><strong>cu&#39;us</strong></span> <span class='ocrx_word' id='word_1_116' title='bbox 207 1874 471 1960; x_wconf 83' lang='lat' dir='ltr'><strong>magnitudinem</strong></span> <span class='ocrx_word' id='word_1_117' title='bbox 486 1875 630 1940; x_wconf 86' lang='lat' dir='ltr'><strong>futuram</strong></span> <span class='ocrx_word' id='word_1_118' title='bbox 646 1876 777 1960; x_wconf 86' lang='lat' dir='ltr'><strong>pietatis</strong></span> <span class='ocrx_word' id='word_1_119' title='bbox 793 1875 990 1940; x_wconf 86' lang='lat' dir='ltr'><strong>documenta</strong></span> <span class='ocrx_word' id='word_1_120' title='bbox 1000 1875 1072 1960; x_wconf 69' lang='lat' dir='ltr'><strong>pre</strong></span> 
     </span>
     <span class='ocr_line' id='line_1_19' title="bbox 95 1899 1072 2048; baseline 0 -24"><span class='ocrx_word' id='word_1_121' title='bbox 95 1899 266 2043; x_wconf 79' lang='lat' dir='ltr'><strong>diderunt3</strong></span> <span class='ocrx_word' id='word_1_122' title='bbox 289 1961 412 2048; x_wconf 90' lang='lat' dir='ltr'><strong>quippe</strong></span> <span class='ocrx_word' id='word_1_123' title='bbox 426 1970 551 2045; x_wconf 89' lang='lat' dir='ltr'><strong>patrem</strong></span> <span class='ocrx_word' id='word_1_124' title='bbox 568 1961 609 2026; x_wconf 94' lang='lat' dir='ltr'><strong>ob</strong></span> <span class='ocrx_word' id='word_1_125' title='bbox 626 1961 749 2035; x_wconf 85' lang='lat' dir='ltr'><strong>crimen</strong></span> <span class='ocrx_word' id='word_1_126' title='bbox 766 1959 937 2046; x_wconf 79' lang='lat' dir='ltr'><strong>peculatus</strong></span> <span class='ocrx_word' id='word_1_127' title='bbox 953 1961 988 2023; x_wconf 91' lang='lat' dir='ltr'><strong>iu</strong></span> <span class='ocrx_word' id='word_1_128' title='bbox 1004 1983 1072 2026; x_wconf 85' lang='lat' dir='ltr'><strong>ear-</strong></span> 
     </span>
    </p>

    <p class='ocr_par' dir='ltr' id='par_1_3' title="bbox 94 2044 1072 2221">
     <span class='ocr_line' id='line_1_20' title="bbox 95 2044 1072 2133; baseline 0.002 -24"><span class='ocrx_word' id='word_1_129' title='bbox 95 2068 203 2110; x_wconf 87' lang='lat' dir='ltr'><strong>cerem</strong></span> <span class='ocrx_word' id='word_1_130' title='bbox 228 2048 413 2111; x_wconf 86' lang='lat' dir='ltr'><strong>eon&#39;ectum</strong></span> <span class='ocrx_word' id='word_1_131' title='bbox 432 2045 755 2133; x_wconf 80' lang='lat' dir='ltr'><strong>ibiquedefunotum</strong></span> <span class='ocrx_word' id='word_1_132' title='bbox 782 2044 948 2110; x_wconf 87' lang='lat' dir='ltr'><strong>translatis</strong></span> <span class='ocrx_word' id='word_1_133' title='bbox 974 2048 1010 2111; x_wconf 90' lang='lat' dir='ltr'><strong>in</strong></span> <span class='ocrx_word' id='word_1_134' title='bbox 1037 2069 1072 2112; x_wconf 84' lang='lat' dir='ltr'><strong>se</strong></span> 
     </span>
     <span class='ocr_line' id='line_1_21' title="bbox 94 2070 1072 2221; baseline 0.003 -26"><span class='ocrx_word' id='word_1_135' title='bbox 94 2132 237 2197; x_wconf 86' lang='lat' dir='ltr'><strong>vinculis</strong></span> <span class='ocrx_word' id='word_1_136' title='bbox 261 2070 304 2196; x_wconf 91' lang='lat' dir='ltr'><strong>ad</strong></span> <span class='ocrx_word' id='word_1_137' title='bbox 326 2130 528 2216; x_wconf 90' lang='lat' dir='ltr'><strong>sepulturam</strong></span> <span class='ocrx_word' id='word_1_138' title='bbox 548 2132 695 2198; x_wconf 88' lang='lat' dir='ltr'><strong>redemit.</strong></span> <span class='ocrx_word' id='word_1_139' title='bbox 732 2131 803 2197; x_wconf 89' lang='lat' dir='ltr'><strong>Nec</strong></span> <span class='ocrx_word' id='word_1_140' title='bbox 825 2133 859 2194; x_wconf 91' lang='lat' dir='ltr'><strong>iu</strong></span> <span class='ocrx_word' id='word_1_141' title='bbox 881 2130 969 2197; x_wconf 91' lang='lat' dir='ltr'><strong>bello</strong></span> <span class='ocrx_word' id='word_1_142' title='bbox 983 2133 1072 2221; x_wconf 84' lang='lat' dir='ltr'><strong>jndi-</strong></span> 
     </span>
    </p>

    <p class='ocr_par' dir='ltr' id='par_1_4' title="bbox 93 2216 1211 2480">
     <span class='ocr_line' id='line_1_22' title="bbox 93 2216 1071 2304; baseline 0.001 -22"><span class='ocrx_word' id='word_1_143' title='bbox 93 2219 188 2296; x_wconf 71' lang='lat' dir='ltr'><strong>cium,</strong></span> <span class='ocrx_word' id='word_1_144' title='bbox 205 2217 423 2302; x_wconf 87' lang='lat' dir='ltr'><strong>deligentium</strong></span> <span class='ocrx_word' id='word_1_145' title='bbox 444 2217 573 2299; x_wconf 80' lang='lat' dir='ltr'><strong>fefellit,</strong></span> <span class='ocrx_word' id='word_1_146' title='bbox 596 2216 759 2304; x_wconf 82' lang='lat' dir='ltr'><strong>siquidem</strong></span> <span class='ocrx_word' id='word_1_147' title='bbox 774 2241 842 2282; x_wconf 90' lang='lat' dir='ltr'><strong>non</strong></span> <span class='ocrx_word' id='word_1_148' title='bbox 857 2218 994 2283; x_wconf 79' lang='lat' dir='ltr'><strong>inferior</strong></span> <span class='ocrx_word' id='word_1_149' title='bbox 1007 2221 1071 2283; x_wconf 86' lang='lat' dir='ltr'><strong>vir-</strong></span> 
     </span>
     <span class='ocr_line' id='line_1_23' title="bbox 93 2297 1211 2390; baseline -0.001 -21"><span class='ocrx_word' id='word_1_150' title='bbox 93 2305 218 2369; x_wconf 84' lang='lat' dir='ltr'><strong>tutibus</strong></span> <span class='ocrx_word' id='word_1_151' title='bbox 233 2305 336 2388; x_wconf 86' lang='lat' dir='ltr'><strong>patris</strong></span> <span class='ocrx_word' id='word_1_152' title='bbox 345 2352 355 2386; x_wconf 94' lang='lat'><strong>,</strong></span> <span class='ocrx_word' id='word_1_153' title='bbox 377 2297 541 2384; x_wconf 84' lang='lat' dir='ltr'><strong>Xerxem,</strong></span> <span class='ocrx_word' id='word_1_154' title='bbox 560 2303 707 2368; x_wconf 87' lang='lat' dir='ltr'><strong>terrestri</strong></span> <span class='ocrx_word' id='word_1_155' title='bbox 721 2303 900 2390; x_wconf 84' lang='lat' dir='ltr'><strong>navalique</strong></span> <span class='ocrx_word' id='word_1_156' title='bbox 917 2304 1003 2369; x_wconf 88' lang='lat' dir='ltr'><strong>bello</strong></span> <span class='ocrx_word' id='word_1_157' title='bbox 1019 2327 1071 2368; x_wconf 92' lang='lat' dir='ltr'><strong>su·</strong></span> <span class='ocrx_word' id='word_1_158' title='bbox 1136 2311 1211 2376; x_wconf 78' lang='grc'><strong>469.</strong></span> 
     </span>
     <span class='ocr_line' id='line_1_24' title="bbox 93 2388 984 2480; baseline -0.002 -25"><span class='ocrx_word' id='word_1_159' title='bbox 93 2399 256 2480; x_wconf 86' lang='lat' dir='ltr'><strong>peratum,</strong></span> <span class='ocrx_word' id='word_1_160' title='bbox 270 2388 436 2475; x_wconf 89' lang='lat' dir='ltr'><strong>trepidum</strong></span> <span class='ocrx_word' id='word_1_161' title='bbox 450 2389 598 2476; x_wconf 90' lang='lat' dir='ltr'><strong>recipere</strong></span> <span class='ocrx_word' id='word_1_162' title='bbox 612 2411 647 2453; x_wconf 91' lang='lat' dir='ltr'><strong>se</strong></span> <span class='ocrx_word' id='word_1_163' title='bbox 661 2389 695 2452; x_wconf 92' lang='lat' dir='ltr'><strong>in</strong></span> <span class='ocrx_word' id='word_1_164' title='bbox 712 2411 851 2476; x_wconf 85' lang='lat' dir='ltr'><strong>regnum</strong></span> <span class='ocrx_word' id='word_1_165' title='bbox 867 2391 984 2475; x_wconf 72' lang='lat' dir='ltr'><strong>coegit.</strong></span> 
     </span>
    </p>
   </div>
   <div class='ocr_carea' id='block_1_3' title="bbox 512 2543 690 2596">
    <p class='ocr_par' dir='ltr' id='par_1_5' title="bbox 512 2543 690 2596">
     <span class='ocr_line' id='line_1_25' title="bbox 512 2543 690 2596; baseline -0.028 -1"><span class='ocrx_word' id='word_1_166' title='bbox 512 2543 589 2595; x_wconf 76' lang='lat' dir='ltr'><strong>chP.</strong></span> <span class='ocrx_word' id='word_1_167' title='bbox 605 2545 653 2596; x_wconf 77' lang='lat' dir='ltr'><strong>lx.</strong></span> <span class='ocrx_word' id='word_1_168' title='bbox 687 2583 690 2590; x_wconf 95' lang='lat'><em>.</em></span> 
     </span>
    </p>
   </div>
   <div class='ocr_carea' id='block_1_4' title="bbox 289 2605 872 2702">
    <p class='ocr_par' dir='ltr' id='par_1_6' title="bbox 289 2605 872 2702">
     <span class='ocr_line' id='line_1_26' title="bbox 289 2605 872 2702; baseline 0 -2"><span class='ocrx_word' id='word_1_169' title='bbox 289 2605 402 2700; x_wconf 63' lang='lat' dir='ltr'><strong>xerxi</strong></span> <span class='ocrx_word' id='word_1_170' title='bbox 421 2644 787 2702; x_wconf 67' lang='lat' dir='ltr'><strong>sermocinarentur.</strong></span> <span class='ocrx_word' id='word_1_171' title='bbox 804 2643 872 2700; x_wconf 76' lang='lat' dir='ltr'><strong>aas.</strong></span> 
     </span>
    </p>
   </div>
   <div class='ocr_carea' id='block_1_5' title="bbox 87 2729 1119 3675">
    <p class='ocr_par' dir='ltr' id='par_1_7' title="bbox 87 2729 1119 3675">
     <span class='ocr_line' id='line_1_27' title="bbox 155 2729 1119 2816; baseline 0.002 -20"><span class='ocrx_word' id='word_1_172' title='bbox 155 2730 300 2811; x_wconf 80' lang='lat' dir='ltr'><strong>Xerxes,</strong></span> <span class='ocrx_word' id='word_1_173' title='bbox 312 2753 373 2797; x_wconf 86' lang='lat' dir='ltr'><strong>rex</strong></span> <span class='ocrx_word' id='word_1_174' title='bbox 385 2730 577 2812; x_wconf 83' lang='lat' dir='ltr'><strong>Persarum,</strong></span> <span class='ocrx_word' id='word_1_175' title='bbox 592 2739 696 2795; x_wconf 88' lang='lat' dir='ltr'><strong>terror</strong></span> <span class='ocrx_word' id='word_1_176' title='bbox 711 2740 786 2796; x_wconf 87' lang='lat' dir='ltr'><strong>ante</strong></span> <span class='ocrx_word' id='word_1_177' title='bbox 801 2731 964 2816; x_wconf 82' lang='lat' dir='ltr'><strong>gentium,</strong></span> <span class='ocrx_word' id='word_1_178' title='bbox 980 2729 1069 2797; x_wconf 84' lang='lat' dir='ltr'><strong>bello</strong></span> <span class='ocrx_word' id='word_1_179' title='bbox 1078 2740 1119 2798; x_wconf 83' lang='lat'><strong>46</strong></span> 
     </span>
     <span class='ocr_line' id='line_1_28' title="bbox 89 2815 1069 2902; baseline 0.002 -22"><span class='ocrx_word' id='word_1_180' title='bbox 89 2816 123 2880; x_wconf 90' lang='lat' dir='ltr'><strong>in</strong></span> <span class='ocrx_word' id='word_1_181' title='bbox 137 2816 283 2884; x_wconf 83' lang='lat' dir='ltr'><strong>Graecia</strong></span> <span class='ocrx_word' id='word_1_182' title='bbox 293 2815 466 2880; x_wconf 76' lang='lat' dir='ltr'><strong>infeliciter</strong></span> <span class='ocrx_word' id='word_1_183' title='bbox 478 2825 578 2900; x_wconf 87' lang='lat' dir='ltr'><strong>gesto,</strong></span> <span class='ocrx_word' id='word_1_184' title='bbox 594 2817 693 2881; x_wconf 89' lang='lat' dir='ltr'><strong>etiam</strong></span> <span class='ocrx_word' id='word_1_185' title='bbox 703 2818 773 2881; x_wconf 87' lang='lat' dir='ltr'><strong>suis</strong></span> <span class='ocrx_word' id='word_1_186' title='bbox 785 2818 988 2902; x_wconf 87' lang='lat' dir='ltr'><strong>contemptui</strong></span> <span class='ocrx_word' id='word_1_187' title='bbox 999 2839 1069 2882; x_wconf 79' lang='lat' dir='ltr'><strong>esse</strong></span> 
     </span>
     <span class='ocr_line' id='line_1_29' title="bbox 89 2901 1069 3001; baseline 0.002 -35"><span class='ocrx_word' id='word_1_188' title='bbox 89 2905 208 2990; x_wconf 88' lang='lat' dir='ltr'><strong>eoepit.</strong></span> <span class='ocrx_word' id='word_1_189' title='bbox 237 2901 372 3001; x_wconf 80' lang='lat' dir='ltr'><strong>Quippe</strong></span> <span class='ocrx_word' id='word_1_190' title='bbox 386 2902 583 2984; x_wconf 85' lang='lat' dir='ltr'><strong>Artabanus,</strong></span> <span class='ocrx_word' id='word_1_191' title='bbox 602 2903 786 2988; x_wconf 85' lang='lat' dir='ltr'><strong>praefectus</strong></span> <span class='ocrx_word' id='word_1_192' title='bbox 802 2903 881 2990; x_wconf 90' lang='lat' dir='ltr'><strong>ejus,</strong></span> <span class='ocrx_word' id='word_1_193' title='bbox 899 2902 1069 2968; x_wconf 87' lang='lat' dir='ltr'><strong>deficiente</strong></span> 
     </span>
     <span class='ocr_line' id='line_1_30' title="bbox 89 2987 1068 3075; baseline 0 -23"><span class='ocrx_word' id='word_1_194' title='bbox 89 2987 237 3074; x_wconf 83' lang='lat' dir='ltr'><strong>qnotidie</strong></span> <span class='ocrx_word' id='word_1_195' title='bbox 251 3009 340 3072; x_wconf 88' lang='lat' dir='ltr'><strong>reg1s</strong></span> <span class='ocrx_word' id='word_1_196' title='bbox 354 2989 533 3075; x_wconf 87' lang='lat' dir='ltr'><strong>majestate,</strong></span> <span class='ocrx_word' id='word_1_197' title='bbox 548 2988 583 3052; x_wconf 90' lang='lat' dir='ltr'><strong>in</strong></span> <span class='ocrx_word' id='word_1_198' title='bbox 599 3009 692 3075; x_wconf 91' lang='lat' dir='ltr'><strong>spem</strong></span> <span class='ocrx_word' id='word_1_199' title='bbox 702 2989 797 3074; x_wconf 87' lang='lat' dir='ltr'><strong>regni</strong></span> <span class='ocrx_word' id='word_1_200' title='bbox 809 2988 980 3070; x_wconf 89' lang='lat' dir='ltr'><strong>adductus,</strong></span> <span class='ocrx_word' id='word_1_201' title='bbox 994 3010 1068 3052; x_wconf 87' lang='lat' dir='ltr'><strong>cum</strong></span> 
     </span>
     <span class='ocr_line' id='line_1_31' title="bbox 87 3071 1069 3162; baseline 0.001 -25"><span class='ocrx_word' id='word_1_202' title='bbox 87 3082 215 3162; x_wconf 88' lang='lat' dir='ltr'><strong>septem</strong></span> <span class='ocrx_word' id='word_1_203' title='bbox 235 3073 468 3138; x_wconf 85' lang='lat' dir='ltr'><strong>robustissimis</strong></span> <span class='ocrx_word' id='word_1_204' title='bbox 486 3073 563 3138; x_wconf 88' lang='lat' dir='ltr'><strong>filiis</strong></span> <span class='ocrx_word' id='word_1_205' title='bbox 580 3074 721 3158; x_wconf 74' lang='lat' dir='ltr'><strong>regiam,</strong></span> <span class='ocrx_word' id='word_1_206' title='bbox 733 3075 863 3158; x_wconf 89' lang='lat' dir='ltr'><strong>vesperi</strong></span> <span class='ocrx_word' id='word_1_207' title='bbox 884 3071 1069 3158; x_wconf 87' lang='lat' dir='ltr'><strong>ingreditur</strong></span> 
     </span>
     <span class='ocr_line' id='line_1_32' title="bbox 87 3157 1068 3247; baseline -0.001 -23"><span class='ocrx_word' id='word_1_208' title='bbox 87 3160 183 3246; x_wconf 87' lang='lat' dir='ltr'><strong>(nam</strong></span> <span class='ocrx_word' id='word_1_209' title='bbox 199 3160 362 3224; x_wconf 86' lang='lat' dir='ltr'><strong>amicitiae</strong></span> <span class='ocrx_word' id='word_1_210' title='bbox 371 3161 448 3247; x_wconf 89' lang='lat' dir='ltr'><strong>jure</strong></span> <span class='ocrx_word' id='word_1_211' title='bbox 460 3182 590 3244; x_wconf 91' lang='lat' dir='ltr'><strong>semper</strong></span> <span class='ocrx_word' id='word_1_212' title='bbox 600 3159 652 3224; x_wconf 92' lang='lat' dir='ltr'><strong>illi</strong></span> <span class='ocrx_word' id='word_1_213' title='bbox 665 3159 823 3246; x_wconf 87' lang='lat' dir='ltr'><strong>patebat),</strong></span> <span class='ocrx_word' id='word_1_214' title='bbox 838 3157 1068 3244; x_wconf 89' lang='lat' dir='ltr'><strong>trucidatoque</strong></span> 
     </span>
     <span class='ocr_line' id='line_1_33' title="bbox 87 3243 1067 3332; baseline -0.002 -23"><span class='ocrx_word' id='word_1_215' title='bbox 87 3268 181 3332; x_wconf 91' lang='lat' dir='ltr'><strong>rege,</strong></span> <span class='ocrx_word' id='word_1_216' title='bbox 204 3254 281 3309; x_wconf 85' lang='lat' dir='ltr'><strong>voto</strong></span> <span class='ocrx_word' id='word_1_217' title='bbox 298 3266 357 3310; x_wconf 87' lang='lat' dir='ltr'><strong>suc</strong></span> <span class='ocrx_word' id='word_1_218' title='bbox 373 3244 565 3312; x_wconf 88' lang='lat' dir='ltr'><strong>obsistentes</strong></span> <span class='ocrx_word' id='word_1_219' title='bbox 580 3245 665 3310; x_wconf 86' lang='lat' dir='ltr'><strong>filios</strong></span> <span class='ocrx_word' id='word_1_220' title='bbox 681 3247 752 3332; x_wconf 86' lang='lat' dir='ltr'><strong>ejus</strong></span> <span class='ocrx_word' id='word_1_221' title='bbox 770 3244 845 3309; x_wconf 90' lang='lat' dir='ltr'><strong>dolo</strong></span> <span class='ocrx_word' id='word_1_222' title='bbox 866 3243 1067 3328; x_wconf 86' lang='lat' dir='ltr'><strong>aggreditur.</strong></span> 
     </span>
     <span class='ocr_line' id='line_1_34' title="bbox 88 3329 1117 3418; baseline 0.001 -22"><span class='ocrx_word' id='word_1_223' title='bbox 88 3331 243 3396; x_wconf 84' lang='lat' dir='ltr'><strong>Securior</strong></span> <span class='ocrx_word' id='word_1_224' title='bbox 258 3330 299 3395; x_wconf 89' lang='lat' dir='ltr'><strong>de</strong></span> <span class='ocrx_word' id='word_1_225' title='bbox 310 3331 504 3412; x_wconf 86' lang='lat' dir='ltr'><strong>Artaxerxe,</strong></span> <span class='ocrx_word' id='word_1_226' title='bbox 520 3352 623 3418; x_wconf 92' lang='lat' dir='ltr'><strong>puero</strong></span> <span class='ocrx_word' id='word_1_227' title='bbox 631 3331 819 3412; x_wconf 86' lang='lat' dir='ltr'><strong>admodum,</strong></span> <span class='ocrx_word' id='word_1_228' title='bbox 834 3329 940 3414; x_wconf 83' lang='lat' dir='ltr'><strong>fingit,</strong></span> <span class='ocrx_word' id='word_1_229' title='bbox 954 3351 1066 3414; x_wconf 88' lang='lat' dir='ltr'><strong>regem</strong></span> <span class='ocrx_word' id='word_1_230' title='bbox 1075 3339 1117 3396; x_wconf 84' lang='grc'><strong>47</strong></span> 
     </span>
     <span class='ocr_line' id='line_1_35' title="bbox 89 3416 1066 3504; baseline -0.001 -22"><span class='ocrx_word' id='word_1_231' title='bbox 89 3419 238 3499; x_wconf 88' lang='lat' dir='ltr'><strong>aDario,</strong></span> <span class='ocrx_word' id='word_1_232' title='bbox 256 3417 313 3504; x_wconf 90' lang='lat' dir='ltr'><strong>qui</strong></span> <span class='ocrx_word' id='word_1_233' title='bbox 327 3425 398 3481; x_wconf 90' lang='lat' dir='ltr'><strong>erat</strong></span> <span class='ocrx_word' id='word_1_234' title='bbox 409 3417 615 3500; x_wconf 85' lang='lat' dir='ltr'><strong>adolecsens,</strong></span> <span class='ocrx_word' id='word_1_235' title='bbox 638 3439 702 3504; x_wconf 92' lang='lat' dir='ltr'><strong>quo</strong></span> <span class='ocrx_word' id='word_1_236' title='bbox 719 3416 878 3480; x_wconf 88' lang='lat' dir='ltr'><strong>maturius</strong></span> <span class='ocrx_word' id='word_1_237' title='bbox 894 3419 996 3500; x_wconf 76' lang='lat' dir='ltr'><strong>regno</strong></span> <span class='ocrx_word' id='word_1_238' title='bbox 1011 3439 1066 3504; x_wconf 91' lang='lat' dir='ltr'><strong>pc-</strong></span> 
     </span>
     <span class='ocr_line' id='line_1_36' title="bbox 87 3501 1066 3588; baseline -0.003 -20"><span class='ocrx_word' id='word_1_239' title='bbox 87 3505 221 3581; x_wconf 88' lang='lat' dir='ltr'><strong>tiretur,</strong></span> <span class='ocrx_word' id='word_1_240' title='bbox 255 3503 413 3584; x_wconf 89' lang='lat' dir='ltr'><strong>occisum,</strong></span> <span class='ocrx_word' id='word_1_241' title='bbox 444 3503 585 3588; x_wconf 88' lang='lat' dir='ltr'><strong>impellit</strong></span> <span class='ocrx_word' id='word_1_242' title='bbox 607 3505 826 3578; x_wconf 87' lang='lat' dir='ltr'><strong>Artaxerxem</strong></span> <span class='ocrx_word' id='word_1_243' title='bbox 853 3501 1066 3586; x_wconf 87' lang='lat' dir='ltr'><strong>parricidium</strong></span> 
     </span>
     <span class='ocr_line' id='line_1_37' title="bbox 88 3587 1065 3675; baseline -0.008 -19"><span class='ocrx_word' id='word_1_244' title='bbox 88 3589 266 3675; x_wconf 87' lang='lat' dir='ltr'><strong>parricidio</strong></span> <span class='ocrx_word' id='word_1_245' title='bbox 281 3589 460 3654; x_wconf 88' lang='lat' dir='ltr'><strong>vindicare.</strong></span> <span class='ocrx_word' id='word_1_246' title='bbox 488 3589 599 3670; x_wconf 82' lang='lat' dir='ltr'><strong>Quum</strong></span> <span class='ocrx_word' id='word_1_247' title='bbox 613 3598 749 3654; x_wconf 86' lang='lat' dir='ltr'><strong>ventum</strong></span> <span class='ocrx_word' id='word_1_248' title='bbox 765 3587 808 3653; x_wconf 91' lang='lat' dir='ltr'><strong>ad</strong></span> <span class='ocrx_word' id='word_1_249' title='bbox 823 3587 955 3653; x_wconf 89' lang='lat' dir='ltr'><strong>domum</strong></span> <span class='ocrx_word' id='word_1_250' title='bbox 970 3587 1065 3654; x_wconf 87' lang='lat' dir='ltr'><strong>Darii</strong></span> 
     </span>
    </p>
   </div>
   <div class='ocr_carea' id='block_1_6' title="bbox 0 0 1334 4244">
    <p class='ocr_par' dir='ltr' id='par_1_8' title="bbox 0 0 1334 4244">
     <span class='ocr_line' id='line_1_38' title="bbox 0 0 1334 4244; baseline 0 2"><span class='ocrx_word' id='word_1_251' title='bbox 0 0 1334 4244; x_wconf 95' lang='lat' dir='ltr'><strong> </strong></span> 
     </span>
    </p>
   </div>
  </div>
 </body>
</html>
