2678 4246
243 349 283 408 74
532 351 674 404 susum
690 353 940 405 HISTORIARUM

168 554 175 567 .
242 525 346 588 quum
368 502 412 566 ad
434 503 615 566 exercitum
638 506 799 584 venisset,
830 527 898 568 non
920 527 1078 591 magnam
1100 526 1243 568 moram

241 610 375 736 fugnae
401 587 488 652 fecit.
532 588 644 652 Pridie
672 611 772 675 quam
800 591 964 674 proelium
987 598 1241 668 consereretur,

164 739 168 746 ,
257 696 324 736 una
337 683 433 738 nocte
449 672 577 753 defecit,
594 674 684 758 quod
697 676 790 738 triste
801 685 967 740 ostentum
978 676 1099 740 Perseo
1111 695 1242 738 omnes

240 758 510 844 praesagiebant,
532 758 701 846 finemque
724 759 933 826 Macedonici
955 761 1052 847 regni
1071 759 1242 848 portendi

240 843 519 908 vaticinabantur.

241 1067 355 1120 Perseo
372 1063 489 1119 devicto
506 981 950 1119 Momcff'ninanom
969 1064 1114 1119 dicionem
1132 1063 1240 1124 cedit.

213 1194 233 1251 6
305 1183 347 1246 In
363 1205 403 1246 ea
441 1203 531 1266 ugna
544 1181 589 1245 M.
607 1181 702 1260 (lato,
718 1181 853 1248 Catonis
868 1184 1006 1246 oratoris
1021 1182 1118 1262 filius,
1143 1181 1238 1245 dum

241 1271 328 1333 inter
350 1205 605 1331 conidrtissimos
628 1265 738 1330 hostes
760 1268 936 1351 insigniter
957 1268 1107 1347 dimicat,
1135 1288 1237 1352 equo

242 1354 406 1436 delapsus,
422 1351 574 1438 pedestre
586 1352 750 1438 proelium
765 1374 785 1415 a
893 1354 968 1416 'tun
1004 1353 1088 1416 Nam
1104 1351 1240 1416 caden-

240 1450 307 1502 tem
327 1437 516 1521 manipnlus
535 1437 681 1504 hostium
696 1459 773 1502 cum
812 1438 922 1504 orrido
938 1438 1093 1518 elamore,
1116 1436 1237 1501 veluti

234 1527 403 1612 jacentem
419 1522 685 1602 obtmneaunus,
701 1523 978 1606 circumsteterat,
993 1521 1107 1602 atille,
1124 1522 1235 1587 citius

242 1631 378 1696 corpore
400 1606 556 1688 collecto,
580 1629 718 1693 magnas
741 1619 866 1694 strages
889 1608 1000 1673 edidit.
1045 1607 1159 1688 Quum
1187 1609 1236 1672 ad

242 1717 347 1759 unum
358 1691 614 1780 opprimendum
625 1691 774 1778 undique
785 1692 895 1758 hostes
907 1692 1129 1774 convolarent,
1142 1691 1235 1757 dum

240 1801 414 1866 procerum
438 1777 604 1865 quendam
625 1779 717 1926 qetit,
741 1778 873 1862 gladius
893 1780 925 1843 ei
939 1801 958 1842 e
973 1799 1073 1842 mauu
1088 1777 1234 1864 elapsus

237 1866 276 1930 in
291 1865 434 1929 mediam
450 1863 617 1928 cohortem
657 1865 778 1927 ostium
794 1863 933 1946 decidit3
957 1864 1001 1928 ad
1015 1885 1114 1949 quem
1129 1885 1235 1928 recu-

241 1950 426 2036 perandum
441 1948 585 2013 umbone
600 1970 636 2012 se
650 1959 841 2034 protegens,
863 1951 1067 2036 inspectante
1082 1957 1234 2034 utroque

239 2037 398 2114 exercitu,
420 2037 508 2098 inter
528 2053 703 2098 mucrones
718 2055 753 2098 se
768 2033 912 2098 hostium
927 2035 1096 2114 immersit,
1119 2035 1235 2099 recol-

241 2120 393 2206 lectoque
412 2119 538 2204 gladio,
560 2119 673 2184 multis
690 2118 883 2184 vulneribus
899 2121 1062 2205 exceptis,
1085 2118 1130 2182 ad
1144 2141 1233 2184 euos

212 2215 317 2272 'lcum
344 2204 489 2269 clamore
511 2204 655 2269 hostium
677 2206 863 2270 revertitur.
916 2205 1026 2291 Hujus
1048 2203 1234 2269 audaciam

240 2291 341 2355 ceteri
363 2291 481 2354 imitati
503 2292 675 2355 victoriam
696 2311 865 2377 peperere.
910 2291 1049 2354 Perseus
1064 2311 1125 2352 rex
1139 2287 1233 2375 fuga

241 2398 317 2442 eum
334 2376 448 2459 decem
463 2375 612 2441 millibus
622 2375 783 2439 talentum
795 2375 1054 2440 Samothraciam
1067 2373 1232 2458 defertur,

241 2483 339 2550 quem
360 2461 492 2528 Gnaeus
508 2461 682 2540 Octavius,
706 2460 749 2524 ad
770 2460 1036 2546 persequendum
1058 2460 1183 2526 missus
1211 2485 1232 2525 a

240 2547 394 2626 consule,
418 2565 493 2611 cum
517 2546 646 2611 duobus
668 2545 762 2626 filiis,
785 2545 977 2610 Alexandro
1000 2555 1033 2611 et
1054 2544 1230 2632 Philippo,

240 2635 338 2718 cepit,
353 2642 555 2719 captumque
570 2632 613 2697 ad
628 2629 798 2696 consulem
814 2631 918 2697 duxit.

211 2729 231 2788 8
306 2718 502 2784 Macedonia
524 2741 544 2781 a
559 2716 699 2798 Carano,
722 2718 782 2803 qui
801 2717 927 2804 primns
948 2719 984 2781 in
1004 2738 1045 2780 ea
1058 2717 1229 2800 regnavit,

241 2825 346 2890 usque
361 2804 518 2870 Perseum
539 2803 677 2888 triginta
698 2823 793 2890 reges
816 2801 942 2866 habuit·
986 2801 1136 2881 Quorum
1158 2801 1227 2866 sub

240 2909 277 2954 re
325 2911 344 2954 o
363 2890 426 2954 fuit
446 2887 579 2976 quidem
601 2889 697 2952 annis
717 2909 784 2952 non
800 2889 907 2973 gentis
923 2896 956 2952 et
969 2887 1090 2971 viginti
1104 2887 1227 2968 tribus,

241 2911 438 3040 sciurorum
461 2975 594 3040 nonnisi
614 2971 747 3038 centum
767 2974 954 3057 nonaginta
975 2971 1105 3036 duobus
1125 2973 1228 3038 annis

241 3061 354 3148 potita.
398 3060 451 3126 Ita
469 3083 572 3147 quum
590 3060 626 3123 in
643 3059 807 3124 dicionem
822 3055 1045 3122 Romanorum
1060 3055 1227 3140 cessisset,

240 3145 488 3233 magistratibus
502 3168 563 3233 per
577 3144 726 3230 singulas
741 3144 891 3208 civitates
905 3144 1101 3224 constitutis,
1117 3142 1228 3208 libera

241 3232 329 3298 iacta
352 3241 416 3316 est,
443 3232 617 3318 legesque,
645 3231 766 3316 quibus
793 3227 904 3296 adhuc
929 3230 1048 3310 utitur,
1075 3251 1096 3292 a
1117 3229 1226 3294 Paulo

241 3339 320 3384 acce
344 3317 379 3382 it.
1023 3353 1025 3360 ‹
1161 3371 1164 3378 ,

211 3415 231 3472 9
339 3403 499 3471 etolorum
514 3402 745 3466 universarum
759 3401 892 3465 urbium
906 3408 1039 3465 senatus
1055 3419 1132 3466 oum
1149 3421 1228 3464 con-

235 3487 376 3578 jugibus
392 3497 425 3554 et
439 3487 562 3567 liberis,
578 3488 636 3573 qui
652 3485 754 3550 dubia
764 3485 829 3552 fide
840 3486 979 3567 fuerant,
995 3485 1134 3550 Romam
1147 3488 1229 3551 mie·

241 3597 309 3658 sus,
324 3574 449 3661 ibique,
464 3595 508 3638 ne
523 3574 558 3636 in
570 3572 677 3658 patria
688 3571 814 3659 aliquid
826 3580 972 3653 novaret,
989 3569 1046 3635 diu
1058 3570 1226 3654 detentus,
