2658 4244
256 342 294 402 18
541 343 681 396 JUS'I'INI
697 343 945 396 HISTORIARUM

226 502 328 560 trum
347 496 570 572 sacrabantur.
611 495 732 560 Tenuit
755 505 787 560 et
807 495 957 581 Aegeus,
982 496 1104 560 Thesei
1122 503 1228 581 pater,

254 580 394 646 Athenis
417 605 565 668 regnum.
616 581 695 645 Post
721 603 796 644 eum
825 582 973 646 Theseus
1003 603 1042 646 ac
1070 581 1229 665 deinceps

256 667 376 732 Thesei
391 667 484 733 filius
506 666 739 752 Demophoon,
764 669 821 754 qui
842 667 1004 731 auxilium
1021 667 1156 732 Graecis
1172 666 1231 730 ad·

227 759 369 818 lversus
385 752 544 841 Trojenos
560 751 649 834 tulit,
665 775 804 838 regnum
826 753 980 838 possedit.
1017 752 1123 816 Erant
1141 753 1232 816 inter

254 838 473 903 Athenienses
489 848 521 903 et
532 839 708 903 Dorienses
719 846 846 902 veteres
859 837 1049 916 simultates,
1063 859 1144 924 quas
1156 839 1231 900 vin-

255 924 396 989 dicaturi
414 923 503 988 bello
524 924 703 988 Dorienses
727 922 769 987 de
799 933 919 990 eventu
948 923 1065 1008 proelii
1095 922 1233 987 oracula

255 1009 501 1074 consuluerunt.
537 1009 753 1093 Responsum,
772 1011 957 1094 superiores
972 1007 1050 1092 fore,
1067 1010 1102 1072 ni
1117 1029 1232 1092 regem

254 1095 507 1161 Atheniensium
533 1094 738 1160 occidissent.
791 1094 902 1175 Quum
928 1103 1064 1158 ventum
1085 1102 1170 1157 esset
1194 1095 1233 1156 in

255 1180 380 1246 bellum
386 1229 395 1263 ,
411 1179 571 1244 militibus
586 1188 662 1245 ente
677 1181 803 1261 omnia,
820 1203 863 1244 ne
879 1180 1021 1245 hostium
1036 1183 1148 1265 regem
1165 1178 1233 1243 lae-

98 1269 192 1332 10⁶6.
227 1265 383 1347 8derent,
405 1268 614 1352 praecipitur.
659 1265 917 1330 Atheniensibus
938 1287 975 1330 eo
1002 1274 1149 1350 tempore
1169 1287 1234 1328 rex

257 1351 383 1418 Codrus
398 1361 483 1435 erat;
499 1353 557 1439 qui
572 1359 605 1415 et
611 1370 771 1436 responso
784 1351 837 1428 dei
849 1360 881 1416 et
891 1352 1074 1436 praeceptis
1085 1351 1232 1414 hostium

150 1441 153 1444 ’
255 1458 293 1501 co
341 1437 403 1518 itis,
419 1445 602 1522 permutato
618 1438 705 1520 regis
721 1435 845 1519 habitu,
861 1458 1048 1522 pannosus,
1065 1433 1235 1501 sarmenta

255 1545 293 1586 co
309 1523 339 1586 lo
356 1544 487 1607 gerens,
510 1521 772 1586 castra'hostium
787 1522 990 1606 ingreditur3
1011 1522 1058 1586 ibi
1077 1523 1112 1586 in
1132 1521 1235 1585 turba

256 1608 482 1673 obsistentium
498 1629 518 1670 a
532 1607 645 1687 mrlite,
662 1627 759 1694 quem
774 1607 858 1671 falce
872 1607 1115 1689 vulneraverat,
1130 1608 1233 1670 inter-

108 1767 113 1776 .
227 1693 372 1758 illicitur.
403 1693 543 1779 Cognito
558 1694 645 1778 regis
661 1710 807 1778 corporo,
823 1693 1001 1758 Dorienses
1016 1694 1088 1756 sine
1102 1692 1232 1778 proelio

256 1778 437 1848 discedunt.
470 1779 580 1865 Atque
599 1779 646 1845 ita
660 1777 878 1844 Athenienses
900 1779 1023 1844 virtute
1043 1777 1149 1859 ducis,
1169 1799 1232 1862 pro

255 1865 360 1930 salute
374 1866 501 1953 patriae
516 1866 613 1930 morti
629 1887 664 1928 se
677 1864 855 1946 offerentis,
870 1863 959 1930 bello
974 1863 1164 1929 liberantur.

680 2019 755 2074 oAP.
773 2021 809 2072 11.

647 2099 667 2158 S
691 2116 708 2156 o
731 2101 745 2156 l
767 2116 785 2157 o
808 2118 840 2159 n.

207 2208 247 2266 10
319 2201 399 2268 Post
410 2201 555 2268 Oodrum
566 2224 663 2267 nemo
675 2202 813 2268 Athenis
829 2205 989 2288 regnavit,
1007 2203 1095 2290 quod
1108 2222 1231 2267 memo-

254 2289 324 2354 riae
339 2289 482 2352 nominis
498 2291 569 2375 ejus
582 2287 745 2355 tributum
760 2297 817 2352 est.
848 2287 1098 2355 Administratio
1120 2290 1233 2374 reipu-

255 2373 362 2440 blicae
384 2368 503 2450 annrds
525 2375 771 2458 magistratibus
797 2375 966 2460 permissa.
1017 2375 1084 2440 Sed
1105 2375 1236 2441 civitati

255 2458 369 2526 nullae
383 2467 462 2524 tunc
477 2459 566 2545 leges
582 2469 690 2540 erant,
709 2461 789 2546 quis
809 2459 912 2525 libido
932 2483 1047 2545 regum
1071 2483 1130 2546 pro
1151 2459 1236 2546 legi-

207 2555 245 2608 11
255 2545 319 2611 bus
334 2543 526 2610 habebatur.
563 2545 702 2630 Legitur
715 2546 817 2630 igitur
830 2544 942 2627 Solon,
958 2548 1010 2610 vir
1019 2547 1168 2633 justitiae
1183 2548 1237 2611 in-

121 2636 195 2698 594.
257 2631 377 2716 signis,
401 2633 459 2718 qui
476 2630 569 2696 velut
590 2645 709 2696 novam
729 2632 895 2696 civitatem
920 2630 1049 2716 legibus
1066 2631 1236 2698 conderet.

255 2716 322 2782 tblic
347 2724 437 2781 tanto
460 2724 716 2801 temperamento
743 2717 830 2782 inter
859 2717 990 2801 plebem
1015 2727 1238 2802 senatumque

208 2803 342 2886 megin
365 2811 402 2865 ut
421 2801 463 2866 eb
476 2803 626 2888 utrisque
642 2825 755 2889 parem
780 2803 917 2887 gratiam
938 2811 1078 2887 caperet.
1123 2803 1238 2890 Hujus

256 2889 321 2952 viri
334 2889 422 2952 inter
434 2886 540 2952 multa
555 2890 689 2974 egregia
704 2897 736 2952 et
749 2886 834 2953 illud
850 2887 1062 2952 memorabile
1077 2888 1149 2953 fuit.
1179 2888 1240 2952 [n-

256 2983 307 3039 ter
320 2973 540 3040 Athenienses
556 2982 588 3038 et
598 2974 808 3059 Megarenses
824 2973 865 3037 de
880 2975 1079 3074 proprietate
1095 2971 1239 3038 Salami-

256 3083 319 3126 nae
342 3059 473 3125 insulae
493 3081 596 3144 prope
618 3083 657 3124 us
682 3083 723 3124 ue
745 3059 787 3124 ad
801 3060 970 3124 intentum
985 3061 1084 3124 armis
1100 3060 1241 3123 dimica.-

257 3155 327 3210 tum
353 3144 468 3210 fuerat.
511 3145 590 3210 Post
615 3083 725 3210 elddes
754 3145 875 3210 multas
900 3146 1021 3230 capital
1049 3165 1119 3212 esse
1142 3146 1241 3230 apud

256 3231 476 3298 Athenienses
496 3232 621 3316 eoepit,
646 3233 673 3296 si
696 3232 769 3317 quis
785 3230 892 3316 legem
912 3231 953 3296 ds
968 3230 1171 3296 vindicanda
1185 3232 1241 3296 in-

209 3325 248 3384 13
258 3313 331 3381 sula
350 3316 488 3385 tulisset.
525 3315 626 3382 Solon
642 3316 817 3398 sollicitus,
832 3339 875 3381 ne
890 3327 948 3382 aut
962 3318 1100 3382 tacendo
1116 3338 1242 3402 parum

258 3403 471 3486 reipublicae,
487 3409 549 3468 sut
558 3402 723 3467 censendo
741 3402 804 3466 sibi
817 3404 1010 3485 consuleret,
1026 3404 1168 3469 subitam
1179 3403 1242 3466 de-

259 3490 416 3554 mentiam
439 3488 585 3568 simulat,
620 3489 714 3576 cujus
744 3489 843 3553 venia
868 3511 936 3554 non
963 3489 1109 3554 dicturus
1136 3488 1240 3554 modo

210 3584 250 3639 14
260 3573 435 3660 prohibita,
451 3575 509 3642 sed
525 3584 557 3640 et
571 3575 717 3640 facturus
734 3583 811 3639 erat
839 3575 1004 3640 Deformis
1016 3575 1131 3642 habitu
1143 3598 1242 3642 more
1314 3569 1315 3616 l
