2678 4246
235 288 275 350 it
513 287 655 370 susurru
671 290 923 346 meronmnun

237 447 341 507 odiam
355 443 567 506 Romanorum
583 449 755 506 incussisse
770 453 976 523 rapacitatem
988 455 1222 527 proconsulum,

186 534 403 595 resectionem
418 533 678 606 publicanorum,
702 536 879 595 calumnias
894 539 1003 596 litium.
1043 539 1223 614 Sequanam

236 635 271 677 se
286 618 376 676 modo
389 617 518 690 fortiter
533 625 563 676 et
577 618 745 690 callipont,
768 622 846 694 quid
855 625 960 696 possit
975 624 1106 696 efficere
1121 633 1224 685 tantus

237 705 441 762 exercitasse
456 703 551 774 duce,
576 719 663 776 quem
685 706 756 762 sine
771 707 899 764 militum
916 709 1038 768 auxilio
1055 727 1118 768 saa
1132 713 1225 770 unius

238 804 333 864 opera
358 788 493 847 uiderint
518 788 752 861 Cappadociam
779 805 873 850 caeso
900 808 974 867 repe
1001 798 1145 869 cepisse;
1172 802 1226 870 qai

236 877 322 934 solus
337 875 512 932 mortalium
528 874 658 931 Pontum
674 890 793 934 omnem
807 875 1033 952 Scythiamque
1041 883 1224 955 pacaverit,

238 975 330 1034 quam
358 975 447 1016 nemo
478 967 551 1017 onte
580 961 714 1032 transire
744 967 807 1019 tuto
834 971 929 1034 atque
959 964 1051 1023 adire
1069 967 1223 1039 potuerit.

188 1047 229 1105 60
237 1046 314 1104 Nom
327 1045 475 1118 justitiae
497 1051 590 1117 atquc
610 1043 808 1104 liberalitatis
828 1045 908 1104 sua'e
930 1054 1025 1107 testes
1047 1061 1115 1107 non
1138 1053 1226 1125 arsos

237 1131 366 1202 milites,
393 1131 447 1202 qui
468 1131 688 1202 eaperiantur,
714 1147 750 1188 se
775 1131 939 1212 recusare;
966 1143 996 1192 et
1018 1137 1075 1208 illa
1102 1137 1226 1196 indicia

237 1217 369 1286 babere,
395 1215 480 1287 quoa
499 1216 586 1272 solus
606 1231 711 1288 repam
733 1218 867 1274 omnium
882 1233 946 1276 non
956 1225 1099 1292 paterna
1114 1205 1226 1293 solum,

238 1317 342 1360 veram
358 1302 450 1358 etiam
466 1307 597 1358 erotema
612 1316 721 1372 repra,
736 1301 964 1362 hereditatibus
971 1312 1109 1378 propter
1123 1309 1225 1366 mani·

235 1387 393 1457 licentiam
409 1387 581 1457 acquisita,
591 1386 778 1458 possideat:
801 1385 942 1462 Colchos,
958 1389 1225 1466 Papblaponiam,

237 1470 423 1544 Bosporum.

188 1557 226 1613 61
302 1549 358 1613 sie
373 1549 523 1611 excitatis
538 1548 711 1630 militibus,
728 1551 824 1613 annis
841 1551 948 1617 tribus
964 1560 998 1616 et
1011 1553 1137 1638 viginti
1150 1564 1226 1640 post

239 1643 408 1720 sumptum
423 1655 562 1718 regnum
577 1634 613 1697 in
627 1633 777 1698 Romana
791 1635 882 1700 bella
897 1637 1079 1706 descendit.

648 1809 803 1819 -——--—

418 1893 421 1900 ’
541 1941 688 2015 nrum
713 1941 905 2018 xrmvrr.

511 2065 625 2155 Syria
651 2071 694 2136 et
721 2069 941 2161 Aegyptus.
985 2177 987 2182 Ι

411 2295 589 2366 Ptolemaei,
605 2214 851 2368 reuffleglipti,
869 2297 1047 2354 erudelitas.
1106 2348 1114 2356 .

40 2412 42 2416 ’
97 2411 171 2472 tta.
209 2411 226 2468 1
302 2401 342 2466 In
358 2400 408 2466 Ae
478 2408 511 2464 to
527 2408 656 2465 mortuo
671 2423 749 2486 rege
765 2400 964 2483 Ptolemaeo,
988 2401 1030 2482 ei,
1045 2402 1105 2488 qui
1121 2402 1220 2488 Cyre

237 2488 290 2551 nis
310 2509 414 2572 regna
438 2495 481 2567 at,
503 2485 692 2551 Ptolemaeo
715 2485 916 2570 perlegales
930 2507 1071 2570 regnum
1087 2496 1121 2552 et
1135 2511 1221 2554 uxor

238 2572 415 2660 Cleopatra
425 2573 551 2656 regina,
565 2593 658 2635 soror
668 2573 783 2658 ipsius,
797 2570 951 2635 desertum.
981 2571 1105 2636 Laetus
1117 2573 1219 2658 igitur

175 2734 177 2741 y
237 2658 455 2738 Ptolemaeus,
479 2655 570 2742 quod
591 2657 662 2720 sine
682 2657 861 2721 certamine
880 2657 1062 2720 fraternum
1076 2679 1113 2721 re
1164 2682 1218 2724 um

237 2745 431 2827 recepisset,
463 2742 498 2804 in
521 2740 611 2827 quod
634 2751 709 2806 eta
729 2750 834 2806 matre
856 2741 1033 2826 Cleopatra
1053 2751 1085 2806 et
1120 2766 1218 2810 avare

237 2829 425 2914 principum
449 2827 558 2890 fratris
578 2826 684 2892 filium
706 2828 881 2893 subornari
902 2835 1112 2911 cognoverat,
1136 2838 1217 2894 cete-

237 2937 311 2980 rum
335 2914 473 2998 infestus
496 2913 669 2994 omnibus,
692 2915 802 2978 stetim
826 2913 885 2976 ubi
906 2909 1149 2978 Alexandriam
1171 2915 1217 2978 in-

238 3021 371 3087 gressus
398 3007 462 3078 est,
488 2999 633 3062 fautores
654 3001 749 3084 pueri
771 2997 931 3062 trucidari
946 2998 1059 3084 jussit
1102 2999 1216 3086 Ipsum

239 3108 371 3173 quoque
388 3085 442 3148 die
455 3085 658 3168 nuptiarum,
681 3084 801 3170 quibus
816 3092 955 3147 matrem
971 3085 1042 3147 e'us
1056 3084 1092 3147 in
1107 3086 1216 3148 matri-

236 3173 385 3238 monium
396 3169 595 3257 'recipiebat
618 3171 705 3233 inter
726 3177 904 3254 apparatus
921 3107 1094 3253 epularum
1110 3178 1143 3233 et
1157 3169 1216 3234 sol·

210 3259 351 3324 tlennia
365 3256 564 3341 religionum
579 3257 613 3319 in
630 3255 805 3340 complexu
819 3255 933 3318 matria
945 3254 1110 3319 interficit
1140 3255 1216 3320 Post

239 3342 302 3407 hoe
320 3363 388 3406 non
407 3343 518 3406 mitior
532 3343 566 3404 in
583 3363 625 3425 po
651 3341 770 3422 alares,
794 3343 851 3427 qui
866 3361 942 3404 eum
957 3341 992 3404 in
1007 3362 1148 3424 regnum
1163 3363 1215 3404 vo·

239 3437 404 3508 caverant,
425 3427 505 3509 fuit3
528 3364 693 3527 siquiiJem
708 3427 892 3512 peregrinis
907 3424 1067 3490 militibus
1083 3425 1215 3492 lieentia
1320 3461 1321 3504 ,

239 3511 349 3578 caedis
362 3513 447 3594 data,
460 3529 572 3577 omma
581 3509 1099 3598 sanguinequotidiemanabant3
1110 3513 1213 3598 ipsam
1320 3509 1321 3562 i
