2666 4246
248 338 289 398 94
528 340 668 392 JUSTINI
684 340 931 394 HISTORIARUM

171 517 172 524 ¹
246 495 436 575 carperetur
451 489 656 554 sermonibus
667 489 1228 576 suorum,Pbilippipat1ispatriae-

185 604 194 639 .·
246 597 312 660 que
340 595 448 638 mores
470 574 680 640 subvertisse.
723 574 862 661 Propter
891 597 975 659 quae
991 576 1130 638 crimina
1144 575 1227 640 Par-

245 659 355 724 menio
377 679 510 745 quoque
534 681 651 739 senex,
673 659 833 745 dignitate
854 659 924 744 regi
941 661 1129 758 proximus,
1145 681 1225 726 eum

245 743 377 808 Philota
397 743 466 806 filio
489 743 693 806 interficitur.
728 743 883 808 Fremere
903 745 1008 825 igrtur,
1021 765 1134 808 omnes
1150 745 1225 808 uni-

244 829 349 894 versis
365 828 479 891 castris
495 849 642 913 coepere,
656 827 785 892 innoxii
800 828 889 891 senis
899 828 1026 914 filiique
1038 849 1151 891 casum
1162 829 1226 894 mi-

246 921 405 994 serantes;
421 911 586 975 interdum
604 933 639 976 se
654 933 786 998 quoque
799 933 867 977 non
883 911 1003 976 debere
1017 912 1136 976 melius
1151 935 1224 998 spe-

195 1005 236 1066 20
245 1019 318 1062 rara
334 995 489 1060 dicentes.
513 995 607 1076 Quae
615 1017 717 1081 quum
729 997 887 1060 nunciata
897 996 1090 1076 Alexandro
1103 1005 1223 1078 essent,

244 1103 377 1161 verens,
400 1103 443 1144 ne
465 1081 548 1144 haec
568 1081 679 1167 opinio
700 1082 799 1146 etiam
820 1081 856 1144 in
870 1081 1099 1148 Macedoniam
1116 1081 1224 1146 divul-

244 1173 387 1252 garetur,
411 1174 443 1229 et
457 1188 500 1228 ne
514 1167 672 1230 victoriae
685 1165 793 1248 gloria
812 1167 970 1230 saevitiae
991 1165 1122 1237 macula
1136 1165 1223 1230 infir·

244 1259 407 1331 scaretur,
434 1250 581 1330 simulat,
604 1272 639 1314 se
660 1271 704 1314 ex
718 1251 832 1328 amicis
848 1250 1009 1336 quosdam
1028 1251 1064 1314 in
1078 1251 1223 1335 patriam

244 1335 402 1400 victoriae
426 1335 565 1400 nuncios
585 1336 773 1398 missurum.
812 1333 972 1398 Hortatur
989 1335 1125 1413 milites,
1153 1335 1222 1398 suis

244 1418 397 1499 scribere,
413 1420 570 1496 rariorem
586 1418 755 1484 habituros
770 1421 975 1484 occasionem
989 1427 1124 1504 propter
1138 1417 1224 1482 mili·

244 1503 322 1568 tiam
338 1504 556 1566 remotiorem.
586 1503 689 1568 Datos
704 1503 810 1570 fasces
832 1503 1043 1590 epistolarum
1066 1505 1164 1569 tacite
1179 1501 1223 1566 ad

244 1609 281 1652 se
295 1587 415 1650 deferri
423 1585 535 1673 jubet3
553 1609 594 1652 ex
632 1587 743 1670 uibus,
761 1590 891 1673 cognito
907 1588 947 1653 de
963 1610 998 1658 se
1013 1587 1223 1671 singulorum

238 1671 376 1761 judicio,
399 1673 435 1734 in
457 1693 557 1750 unam
580 1609 747 1736 cobortem
770 1694 843 1755 eos,
866 1673 924 1758 qui
947 1671 988 1736 de
1009 1694 1087 1756 rege
1103 1671 1220 1738 dumus

162 1765 178 1788 ⁸
244 1758 370 1844 opinati
385 1756 524 1836 fuerant,
540 1757 727 1838 contribuit,
743 1765 800 1824 aut
814 1765 1067 1843 consumpturus
1083 1778 1149 1837 eos,
1166 1765 1224 1822 aut

194 1845 278 1910 min
301 1842 427 1911 ultimis
448 1842 545 1907 terris
566 1843 601 1920 in
617 1841 762 1907 colonias
777 1841 1021 1922 distributurus.
1050 1841 1134 1908 Inde
1149 1840 1221 1926 plu·

241 1950 295 1992 res
315 1927 455 2074 populos
464 1976 473 2008 ,
498 1927 555 2012 qui
569 1927 605 1989 in
619 1926 730 1994 radice
746 1926 887 2004 Caucasi
901 1925 1129 2006 morabantur,
1147 1924 1222 1990 sub

244 2013 322 2094 egit.
383 2021 497 2090 nterea
516 2033 602 2075 unus
625 2033 667 2075 ex
689 2011 803 2078 amicis
824 2011 921 2077 Darii
941 2011 1064 2076 Bessus
1078 2011 1221 2074 rinctus

242 2095 450 2184 perducitur,
475 2096 531 2179 qui
550 2117 664 2179 regem
684 2117 751 2160 non
767 2095 874 2159 solum
888 2095 1087 2181 prodiderat,
1103 2115 1222 2158 verum

243 2188 276 2246 et
296 2179 511 2245 interfecerat.
557 2179 664 2260 Quem
685 2181 720 2243 in
743 2179 902 2246 ultionem
924 2179 1083 2265 perfidiae
1106 2201 1223 2242 excru-

243 2263 398 2328 ciandum
406 2263 600 2329 fratriDarii
611 2263 754 2346 tradidit,
762 2274 928 2350 reputans,
937 2285 1004 2327 non
1013 2270 1080 2328 tam
1092 2263 1221 2328 hostem

242 2370 340 2412 suum
355 2348 458 2412 fuisse
469 2347 623 2428 Darium,
641 2370 739 2434 quam
755 2351 898 2414 amicum
912 2350 1000 2434 ejus,
1017 2369 1117 2432 aquo
1134 2355 1222 2410 esset

163 2495 170 2504 ,
193 2431 379 2500 ἳῖοοοὶειιε.
415 2429 459 2495 Et
478 2441 516 2496 ut
536 2431 588 2496 his
610 2435 705 2512 terris
726 2455 847 2498 nomen
870 2433 1086 2519 relinqueret,
1102 2429 1221 2496 urbem

240 2515 480 2582 Alexandriam
503 2539 540 2582 su
566 2539 602 2580 er
622 2539 752 2582 amnem
773 2517 913 2582 Tanaim
936 2516 1100 2596 condidit,
1131 2516 1221 2580 intra

241 2603 328 2667 diem
344 2603 519 2687 septimum
536 2540 699 2680 decimum
714 2624 809 2680 muro
829 2624 889 2666 sex
901 2601 1044 2666 millium
1058 2621 1220 2686 passuum

240 2696 483 2767 ¹consummato,
506 2687 672 2753 translatis
696 2709 734 2750 eo
753 2689 854 2750 trium
876 2687 1059 2750 civitatium
1098 2685 1217 2770 epulis,

241 2792 322 2857 quas
339 2771 446 2854 Cyrus
462 2770 663 2850 condiderat.
688 2769 727 2835 In
741 2771 925 2835 Bactrianis
959 2709 1219 2856 uoqueldogdia·

240 2856 358 2940 nisque
375 2854 547 2917 duodecim
563 2855 661 2920 urbes
677 2856 840 2936 condidit,
856 2856 950 2921 distri
974 2857 1038 2920 utis
1053 2856 1104 2938 iis,
1120 2876 1217 2939 quos·

215 2995 218 3000 l
240 2961 372 3025 cunque
387 2938 423 3001 in
439 2940 585 3008 exercitu
600 2941 771 3006 seditiosos
786 2939 937 3006 babebat.

398 3175 570 3232 Alexander
588 3093 898 3232 cumbrAIinbbndrlo
915 3173 1062 3229 trucidat.

190 3285 229 3344 23
303 3279 365 3342 His
386 3279 432 3342 ita
454 3277 570 3362 gestis,
593 3269 735 3342 sollenni
756 3275 808 3360 die
829 3279 950 3342 amicos
974 3277 1009 3338 in
1026 3275 1218 3339 convivium

238 3372 343 3426 vocat.
379 3363 447 3428 Ubi
468 3363 556 3426 inter
576 3363 689 3427 ebrios¹
706 3383 817 3426 rerum
837 3385 857 3426 a
871 3359 1026 3447 Philippo
1048 3368 1217 3444 gestarum

238 3449 404 3511 mentione
427 3453 512 3527 o'rte,
535 3447 699 3534 praeferre
712 3469 749 3512 se
764 3449 850 3534 patri
864 3449 936 3532 ipse
950 3451 1217 3530 rerumque'sua·

238 3553 312 3616 rum
331 3531 594 3616 magnitudinem
607 3531 775 3597 extollere
798 3532 890 3598 coelo
906 3539 1002 3596 tenus
1018 3529 1142 3615 coepit,
1165 3549 1216 3592 as·
