2678 4246
264 327 301 388 to
552 327 693 382 werno
708 325 957 380 Hieroclem

263 486 372 555 nitas,
404 487 540 566 quignou
563 486 609 544 ito
624 486 752 558 undem
767 483 1093 558 praestitissetis
1112 485 1246 557 suerint.

262 567 339 630 Ilios
353 571 506 643 majorum
521 570 648 643 deeora,
662 586 698 628 sc
710 586 838 630 suorum
852 570 980 628 miiitum
996 584 1245 632 cemmemorare.

263 655 332 715 Non
355 657 436 716 enim
459 656 523 714 cito
546 656 686 714 ecucitu
701 653 907 714 Hannibalem
926 661 955 712 et
968 655 1091 716 Poenos
1107 659 1248 712 ettotam

261 741 364 814 ferme
380 737 586 812 Occidentem,
609 740 668 798 sed
686 739 737 799 itis
758 741 848 813 ipsis,
871 754 951 814 quos
972 741 1005 798 in
1027 742 1100 799 acic
1118 739 1247 810 tabeat,

213 827 253 885 38
264 826 413 885 militibus
427 825 584 884 subactos.
616 817 677 882 His
693 816 977 882 adhortationibus
988 819 1158 904 utrimque
1172 837 1249 880 con·

265 906 356 969 citati
370 903 493 968 milites
504 903 630 990 proelio
642 911 853 983 concurrunt,
869 902 964 966 alteri
975 902 1133 983 Orientis,
1150 900 1249 966 alteri

221 1009 224 1016 ·
264 989 456 1054 Occidentis
475 989 614 1074 imperio
635 987 825 1072 gloriantes,
843 988 1051 1073 ferentesque
1065 989 1102 1051 in
1116 986 1248 1052 bellum

265 1074 323 1138 alii
337 1076 500 1161 majorum
516 1095 650 1138 suorum
666 1075 836 1158 antiquam
852 1082 884 1138 et
899 1072 1079 1137 obsoletam
1091 1071 1247 1157 gloriam,

265 1159 323 1224 alii
337 1160 501 1224 virentem
515 1158 704 1223 recentibus
719 1158 955 1242 experimentis
971 1158 1103 1222 virtutis
1118 1157 1247 1222 florem.

123 1249 195 1309 197.
213 1251 253 1310 39
264 1243 542 1310 SedMaoedonas
555 1243 705 1308 Romana
714 1243 847 1308 fortuna
857 1243 948 1307 vicit.
976 1243 1118 1307 Fructus
1132 1242 1248 1328 itaque

263 1328 352 1392 bello
367 1328 553 1414 Philippus,
573 1349 656 1428 pace
671 1349 692 1392 a
705 1328 894 1392 Flaminino
910 1325 1046 1392 consule
1060 1327 1175 1412 petita,
1191 1347 1248 1390 no

264 1435 341 1478 men
362 1413 496 1499 quidem
517 1435 647 1498 regrum
665 1413 818 1496 retinnit3
839 1413 898 1478 sed
913 1412 1067 1478 omnibus
1083 1412 1248 1478 Graeciae

263 1497 413 1578 urbibus,
428 1497 522 1562 velut
534 1500 631 1582 regni
644 1497 802 1563 membris
813 1507 908 1562 extra
918 1498 1076 1564 terminos
1086 1497 1247 1583 antiquae

263 1584 503 1669 possessionis,
527 1583 674 1663 amissis,
705 1580 809 1647 solam
837 1582 1068 1648 Macedoniam
1098 1582 1245 1646 retinuit

212 1667 393 1736 tOOffenei
421 1676 531 1732 tamen
551 1667 679 1747 Aetoli,
707 1666 798 1752 quod
816 1689 950 1731 non‘ex
971 1667 1108 1732 arbitrio
1131 1687 1245 1732 eorum

263 1753 460 1818 Macedonia
481 1774 615 1838 quoque
630 1750 784 1838 adempta
799 1753 870 1837 regi
886 1762 918 1816 et
932 1751 1009 1816 data
1022 1751 1087 1816 sibi
1101 1753 1137 1815 in
1154 1774 1244 1838 prae

263 1840 368 1904 mium
389 1838 472 1902 belli
487 1846 580 1921 esset,
604 1837 730 1922 legatos
746 1837 788 1900 ad
803 1836 1005 1903 Antiochum
1019 1836 1166 1920 mittunt,
1188 1838 1244 1924 qui

264 1945 339 1988 eum
366 1923 556 1988 adulatione
581 1945 636 1986 ma
683 1921 821 1986 itudinis
846 1923 882 1986 in
903 1921 1058 1987 Romana¹
1074 1919 1166 1986 bella
1188 1943 1243 2010 spe

190 2013 192 2018 ’
263 2011 427 2074 societatis
442 2010 618 2074 universae
665 2007 794 2072 rasciae
808 2008 1026 2095 impellerent.

674 2181 830 2192 -———

589 2315 736 2390 LIBER
762 2313 915 2390 XXXII.

262 2437 416 2508 Bellum
460 2437 723 2509 Romanorum
763 2438 954 2508 adversus
994 2437 1239 2523 Antiochum,

605 2539 740 2630 Syriae
766 2557 909 2630 regem.

696 2687 772 2742 OAP.
790 2689 813 2740 1.

278 2782 280 2788 ¹
313 2770 440 2826 serame
456 2769 606 2826 Romanus
625 2771 821 2896 milehardi
831 2769 1035 2838 ntabsttncet
1050 2769 1199 2840 Aegypto,

232 2955 248 3008 l
325 2939 456 3004 Mortuo
467 2939 656 3006 Ptolemaeo
668 2942 892 3026 Philopatore,
907 2959 986 3026 rege
995 2941 1153 3028 Aegypti,
1169 2962 1238 3006 con-

260 3034 451 3113 temptaque
466 3025 598 3109 parvuli
612 3026 674 3090 filii
690 3027 761 3114 ejus
777 3036 892 3107 aetate,
915 3027 973 3112 qui
988 3027 1023 3090 in
1038 3047 1131 3113 spem
1146 3028 1238 3111 regni

259 3112 393 3178 relictus
410 3120 489 3192 erat,
513 3110 709 3194 Antiochus,
731 3135 792 3176 rex
806 3112 931 3198 Syriae,
954 3133 1117 3196 occupare
1131 3113 1236 3198 Aegy-

231 3206 354 3282 2ptum
381 3197 503 3261 statuit.
547 3196 664 3283 Itaque
688 3219 790 3282 quum
815 3197 1022 3280 Phoenicen,
1049 3205 1236 3284 ceterasque

260 3283 378 3368 Syriae
391 3283 552 3364 civitates,
569 3302 653 3367 quae
662 3283 753 3368 juris¹
764 3283 922 3368 Aegyptii
934 3291 1041 3364 erant,
1055 3283 1236 3363 invasisset,

259 3367 386 3452 legatos
409 3365 452 3430 ed
476 3387 552 3430 eum
574 3375 706 3431 senatus
727 3367 836 3449 mittit,
861 3367 920 3454 qui
938 3367 1180 3434 denunciarent
1199 3368 1235 3448 ei,

261 3459 430 3518 abstineret
450 3473 546 3532 regno
563 3459 689 3531 pupilli,
706 3461 877 3532 postremis
887 3461 992 3532 pateis
999 3459 1151 3532 precibus
1163 3459 1236 3530 fidei

259 3559 338 3602 suae
360 3543 480 3602 traditi.
526 3535 655 3617 Quibus
676 3537 803 3622 spretis,
826 3539 998 3623 interjecto
1012 3547 1161 3625 tempore
1175 3537 1236 3602 alia
