2658 4244
493 341 602 394 mnne
618 341 666 394 xl.
1029 338 1069 398 liii

81 489 338 577 Olympiadem,
362 489 573 578 Neoptolemi
597 491 685 583 regis
710 491 927 558 Molossorum
953 491 1066 575 filiam,

80 598 227 642 uxorem
242 575 335 645 ducit
339 625 355 659 „
366 577 563 644 conciliante
578 600 623 642 nn
650 577 712 652 tias
726 577 827 644 fratre
840 577 1007 664 patruele,
1022 578 1067 646 al-
1171 657 1173 662 ,

79 671 154 728 tore
166 662 328 746 virginis,
343 661 486 748 Arryba,
511 684 590 748 rege
641 662 834 745 olossorum,
850 665 908 750 qui
923 683 1068 728 sororem

80 746 299 834 Olympiadis
329 747 462 818 Troada
490 749 525 812 in
554 749 765 817 matrimonio
794 747 952 832 habebat;
973 771 1067 838 quoe

79 853 185 898 cansa
215 831 268 896 illi
292 834 387 898 exitii
408 831 641 919 malorumque
664 835 812 900 omnium
837 834 969 900 initium
995 834 1066 902 fuit.

78 917 186 998 Nam„
212 915 291 982 dum
313 918 411 1003 regni
429 918 634 990 incrementa
658 919 817 984 affinitate
842 919 991 1007 Philippi
1017 940 1068 984 ac·
1116 953 1120 962 ·

80 1004 287 1090 quisitnrum
308 1026 344 1069 se
359 1011 484 1090 sperat,
498 1005 635 1157 proprio
650 1025 754 1090 regno
770 1005 811 1070 ab
828 1005 944 1070 eodem
959 1006 1066 1090 privs

78 1098 147 1170 tus,
161 1089 199 1154 in
216 1087 333 1154 exsilio
350 1097 531 1160 consenuit
587 1091 615 1156 is
625 1090 673 1156 ita
687 1091 797 1175 gestis,
808 1090 984 1178 Philippus
993 1092 1094 1178 jans

77 1195 153 1242 non
174 1182 349 1240 contentus
371 1171 568 1246 submovere
585 1174 693 1257 Abella,
717 1176 803 1243 ultro
824 1178 923 1243 etiam
939 1176 1066 1262 quietos

78 1259 226 1324 lacessit.
271 1258 383 1339 Quum
411 1259 603 1325 Methonam
632 1260 748 1325 urbem
778 1270 1001 1348 oppugnaret,
1030 1262 1066 1324 in

77 1354 349 1432 praetereuntem
365 1344 405 1409 de
420 1346 523 1411 muris
538 1346 658 1432 sagitta
665 1348 758 1434 jacta
769 1345 921 1411 dextrum
933 1346 1065 1413 oculum

77 1432 172 1518 regis
187 1427 310 1494 effodit.
337 1429 412 1512 Quo
427 1431 566 1497 vulnere
579 1451 642 1496 neo
656 1433 789 1518 segnior
802 1433 838 1496 in
852 1429 988 1513 bellum,
1004 1451 1067 1498 nec

78 1515 275 1583 iracundior
298 1515 459 1588 adversus
479 1516 591 1583 hostes
610 1518 716 1587 lactus
732 1527 796 1600 est,
817 1517 902 1584 adeo
917 1527 954 1584 ut
968 1520 1066 1594 inter·
1099 1583 1102 1594 ,

74 1603 178 1689 jectis
202 1601 319 1666 diebus
341 1623 458 1687 pacem
480 1603 734 1690 deprecantibus
756 1602 899 1683 dederit,
922 1625 985 1669 nec
999 1627 1066 1674 mo-

78 1687 218 1838 ppratus
239 1695 386 1770 tantum,
408 1709 526 1756 verum
547 1689 651 1764 etiam,
669 1690 758 1756 mitis
780 1689 940 1756 adversus
962 1691 1072 1763 victos,

116 1773 192 1840 erit.
1020 1779 1023 1784 “

509 1859 588 1925 QAP.
605 1861 641 1913 Π.

307 1941 390 1998 Belli
407 1941 576 2004 Phocensis
584 1941 681 2016 ¹e'ousa
699 1943 732 1998 et
748 1941 850 2009 origo,

146 2028 311 2096 Graeciae
334 2029 499 2110 civitates,
532 2029 611 2094 dum
639 2030 803 2114 imperare
833 2026 986 2112 singulae
1011 2036 1093 2095 cu-8

78 2114 189 2202 piunt,
204 2115 382 2201 imperium
395 2135 513 2183 omnes,
541 2114 742 2186 srdideront
773 2113 929 2200 Namque
942 2114 1065 2203 Philip-

78 2222 156 2286 pus,
167 2200 465 2281 renMacedoniae,
480 2137 572 2268 velut
584 2223 602 2270 e
613 2199 749 2287 specula
763 2199 912 2288 quadam·
923 2199 1067 2274 libertati

80 2287 232 2354 omnium
243 2285 428 2367 insidiatus,
437 2287 663 2358 contentiones
673 2287 859 2358 civitatium
866 2285 996 2368 alendo,
1008 2309 1064 2353 au·

78 2369 203 2438 uilium
216 2369 428 2438 interioribus
441 2370 587 2452 ferendo,
602 2373 706 2444 victps
720 2373 844 2458 pariter
856 2373 1064 2457 victoresque
1090 2399 1117 2448 ης

78 2455 193 2521 subire
208 2457 338 2606 soffia}
351 2457 541 2523 servitutem
553 2458 669 2542 coegit.
691 2457 805 2532 Causa
811 2465 849 2521 et
858 2458 949 2541 origo
964 2457 1091 2543 hujus9

239 2564 258 2606 e

78 2541 162 2608 mali
184 2541 238 2606 Th
357 2541 459 2623 fuere,
498 2542 543 2622 ui,
583 2563 664 2611 uum
678 2565 788 2608 rerum
802 2541 1000 2630 potirentur,
1016 2563 1063 2606 se

79 2627 228 2692 cundam
250 2627 414 2692 fertonem
429 2565 597 2698 miscillo
606 2627 723 2708 ¹animo
734 2628 885 2709 ferentes,
897 2627 1001 2692 victos
1013 2649 1068 2693 ar·v

77 2714 144 2779 mis
172 2711 454 2782 Lacedaemonios
492 2722 524 2782 et
551 2711 738 2784 Phocenses
769 2713 861 2799 opud
889 2733 1062 2780 commune
1111 2741 1120 2790 ς

79 2797 244 2865 Graeciae
258 2797 435 2868 concilium
451 2798 593 2885 superbe
615 2807 863 2865 accusaverunt.
900 2797 1063 2866 Lacedae·
1170 2819 1171 2822 ¹

78 2884 201 2950 moniis
225 2884 355 2950 crimini
378 2883 505 2964 datum,
529 2883 619 2970 quad
633 2905 742 2960 arcem
758 2882 952 2953 Thebanam
967 2883 1062 2948 indu·

79 2969 210 3035 ciarum
223 2977 371 3055 tempore
386 2979 618 3056 occupauere
634 2967 871 3051 Phocensibus,
907 2967 1061 3040 uodBoe

79 3054 182 3120 otiam
197 3053 390 3140 depopulati
405 3065 523 3125 essent.
553 3053 665 3135 Quum
676 3054 841 3143 judicium
865 3077 901 3118 ar
925 3053 999 3118 itn'o
1016 3052 1062 3117 ui-
1090 3115 1094 3127 ,

80 3147 207 3220 ctorem
224 3148 545 3221 momentaneos
559 3143 703 3228 pecunia
717 3140 1062 3237 damnantur,.qpanta

80 3224 213 3292 exsolvi
223 3247 291 3292 non
306 3236 435 3312 posset..
455 3225 769 3312 Phocensesig‘itnr,
784 3245 1002 3310 quumcgns
1024 3221 1061 3286 li*
1073 3231 1113 3291 10

79 3308 173 3376 beris·
186 3311 463 3398 conjugibusque
491 3313 716 3398 priverentur,
747 3309 927 3397 desperatis
952 3307 1069 3390 rebus,-

78 3395 432 3482 Philomelo2quodam
457 3392 556 3477 duce,
578 3397 965 3475 velutdeoirascentes,
982 3402 1061 3468 torn-

78 3481 173 3568 plum
187 3482 298 3569 ipsum
311 3481 478 3570 Apollinis
491 3481 631 3570 Delphis
646 3503 860 3568 occupavere.
881 3473 965 3550 Inde
979 3501 1070 3550 auro,
1121 3482 1196 3546 355.

80 3577 111 3633 et
123 3569 271 3654 pecunia
286 3569 405 3634 divites
421 3568 583 3634 conducto
596 3568 801 3638 mercenario
810 3565 1060 3640 ¹militebcllum
