2666 4246
511 321 620 374 mens
637 323 695 374 xv.
1033 323 1092 386 103

108 471 147 534 a
166 480 308 534 mam
327 472 471 547 iussas
494 474 624 548 mamus
639 474 710 548 sss
746 473 904 551 ussisse
919 477 1142 562 arrestata
1219 456 1224 473 ’

110 557 234 622 amieos
250 557 500 622 circumstantes
513 570 741 644 percontatur,
765 559 983 636 videantunne
1004 565 1092 631 sirni-

107 641 175 716 lsm
200 641 265 705 sibi
279 663 392 726 regem
412 643 576 728 reparasti
597 641 932 712 cameracensibus
953 649 1090 732 cunetis,

107 735 183 790 tum
197 728 281 811 ipse,
297 733 375 792 ittud
393 749 431 791 sc
449 736 786 810 carcassensem
808 753 852 798 ec
861 751 969 812 poeno
991 738 1091 805 ocutis

109 819 218 877 videas
239 811 333 892 dixit,
356 827 503 894 cuprum
522 823 689 894 sauguinis
711 825 745 881 tn
758 823 820 882 sco
834 825 1005 884 conamine
1020 825 1090 882 Mu·
1148 817 1152 823 ’

108 905 250 964 cedente
266 904 382 976 statuo
404 905 454 962 stt.
500 898 554 962 Ad
575 897 776 999 postremum
801 921 920 1052 eorpus
943 923 1039 966 suum
1055 905 1090 966 in

107 982 307 1055 Hammonis
324 981 445 1070 templo
461 984 560 1048 condi
574 983 678 1070 Juhet.
717 985 828 1066 Quum
875 987 993 1052 elicere
1015 1009 1090 1052 sum
1101 997 1141 1053 63

107 1067 209 1130 amici
231 1065 398 1146 viderent,
414 1077 594 1154 quaerunt,
619 1091 717 1161 quem
733 1072 777 1134 im
804 1070 864 1136 erli
878 1073 978 1138 faeiat
1000 1071 1090 1137 here·

107 1151 196 1216 dem.
245 1151 444 1238 Respondit:
475 1155 698 1234 dignissimum.
755 1093 863 1222 lina
889 1157 939 1221 illi
966 1160 1090 1242 magni-

107 1237 192 1302 tudo
208 1237 311 1300 animi
326 1238 396 1317 fuit,
409 1247 455 1320 ut,
472 1261 575 1325 quum
590 1238 769 1304 Herculem
784 1241 917 1323 lilium,¹
936 1265 1016 1306 uum
1028 1243 1089 1308 fra·

105 1332 192 1386 trem
207 1320 400 1402 Audacem,
423 1345 525 1422 quum
540 1323 700 1389 Roxanen
717 1348 855 1390 uxorem
877 1265 1089 1414 relinqueret,

107 1405 233 1472 oblitus
248 1407 528 1472 necessitudmum
536 1456 545 1489 ‚
566 1409 798 1494 dignissimum
813 1421 1021 1498 nuncuparet
1036 1411 1090 1476 he-

106 1491 239 1574 redem;
265 1514 398 1578 prorsus
425 1494 520 1579 quasi
540 1496 632 1558 nefas
655 1504 755 1576 esset,
786 1497 858 1560 viro
886 1497 962 1560 forti
987 1496 1090 1560 alium

107 1599 211 1666 quam
227 1579 335 1642 virum
350 1578 466 1650 fortem
482 1579 668 1644 succedere.
699 1580 772 1644 Hae
782 1604 864 1646 voce
879 1582 984 1645 veluti
997 1581 1091 1646 belli·

107 1684 185 1726 cum
214 1663 302 1726 inter
323 1664 444 1728 amicos
467 1665 652 1744 cecinisset,
684 1676 742 1728 aut
760 1665 885 1731 malum
907 1665 1091 1730 discordiae

107 1748 270 1828 misisset,
290 1748 337 1812 ita
359 1770 473 1812 omnes
495 1750 530 1812 in
553 1749 808 1814 aemulationem
831 1758 1037 1835 consurgunt
1059 1761 1091 1814 et

106 1832 289 1897 ambitione
304 1833 398 1917 vulgi
419 1833 555 1898 tacitum
576 1834 722 1898 favorem
743 1835 886 1898 militum
913 1843 1087 1920 quaerunt.

106 1917 211 1982 Sexta
227 1916 296 1998 die,
319 1918 492 2003 praeclusa
507 1941 602 2002 voce,
626 1928 817 2005 exemptum
832 1919 939 2004 digito
951 1919 1087 1984 anulum
1101 1930 1141 1988 64

106 2002 289 2068 Perdiccae
310 2003 461 2087 tradidit3
490 2026 574 2091 quae
604 2028 656 2070 res
684 2005 877 2090 gliscentem
908 2006 1087 2069 amicorum

106 2086 349 2152 dissensionem
365 2087 501 2154 sedavit.
528 2089 613 2152 Nam
630 2091 690 2155 etsi
705 2112 773 2154 non
785 2111 866 2154 voce
878 2098 1088 2176 nuncupatus

105 2173 213 2254 heres,
224 2171 352 2258 judicio
368 2181 477 2237 tamen
493 2173 616 2240 electus
632 2197 703 2240 esse
718 2173 902 2238 videbatur.

517 2329 594 2380 csP.
613 2329 684 2380 XVI.

375 2411 541 2468 Alexandri
558 2411 660 2480 Magni
677 2412 819 2479 elogium.

173 2512 333 2580 Decessit·
341 2513 534 2580 Alexander
554 2537 701 2578 mensem
718 2537 821 2579 unum
830 2561 840 2595 ‚
856 2536 960 2578 annos
976 2522 1042 2577 tres
1058 2522 1140 2581 etos

106 2599 150 2662 tri
176 2598 184 2614 '
213 2607 246 2662 te
260 2609 372 2680 natus,
388 2601 440 2665 vir
454 2623 555 2686 supra
569 2599 748 2663 humanam
764 2600 945 2684 potentiam
965 2599 1091 2683 magni-

14 2763 15 2768 *
107 2619 228 2748 suddit
248 2684 352 2748 animi
370 2684 548 2771 praeditus.
586 2685 744 2769 Prodigia
763 2683 1003 2768 magnitudinis
1020 2685 1091 2770 ejus

14 2783 15 2786 ’
106 2769 237 2854 inipso
260 2778 333 2834 ortu
355 2769 518 2834 nonnulle
540 2791 732 2857 apparuere.
774 2769 858 2834 Nam
882 2791 922 2833 ee
937 2767 1007 2850 die,
1025 2791 1092 2856 qua

106 2862 208 2916 natus
229 2862 296 2935 est,
320 2853 406 2919 duae
428 2855 559 2941 aquilae
581 2864 648 2918 tota
669 2855 722 2920 die
743 2863 894 2940 perpetes
908 2877 1010 3003 supra
1024 2853 1092 2918 cul·

107 2959 186 3002 men
211 2938 327 3020 domus
347 2941 449 3026 patris
475 2942 546 3027 ejus
569 2939 738 3020 sederunt,
762 2963 859 3004 omen
876 2940 920 3004 du
958 2941 1018 3004 icis
1032 2941 1093 3002 im·

108 3024 210 3107 perii,
232 3023 388 3111 Europae
402 3025 585 3111 Asiaeque,
607 3025 839 3110 praeferentes.
868 2963 994 3088 Eadem
1013 3045 1092 3109 quo·

108 3129 176 3194 que
199 3107 252 3172 die
273 3111 433 3174 nuncium
453 3120 549 3210 pater
570 3111 640 3196 ejus
656 3109 796 3173 duarum
811 3110 1025 3174 victoriarum
1041 3128 1092 3171 ae-

108 3195 212 3277 cepit:
225 3193 370 3277 alterins,
382 3195 462 3260 belh
473 3195 614 3280 Illyrici3
628 3195 772 3276 alterius,
781 3194 969 3268 certaminis
978 3191 1092 3278 Olym·

107 3278 187 3366 piei,
202 3279 238 3343 in
252 3280 341 3367 quod
352 3280 588 3367 quadrigarum
601 3301 717 3344 currus
729 3280 876 3362 miseret;
893 3276 983 3364 quod
995 3299 1092 3342 omen

108 3366 341 3430 universarum
363 3377 524 3434 terrarum
544 3366 715 3430 victoriam
731 3363 850 3429 infanti
864 3362 1092 3450 portendebat

108 3449 197 3514 Puer
212 3452 380 3515 acerrimis
397 3451 565 3516 literarum
578 3450 696 3516 studiis
710 3449 858 3513 eruditus
869 3449 940 3514 fuit.
964 3447 1093 3514 Exacta
1104 3457 1143 3516 66

14 3559 15 3592 r
108 3535 262 3620 pueritia,
274 3557 335 3621 per
345 3537 611 3622 quinquennium
623 3535 685 3600 sub
697 3534 874 3600 Aristotele
886 3533 1029 3617 doctore,
1045 3535 1093 3598 in-
