2678 4246
259 355 319 454 1⁰}
545 359 687 410 JUS'PINI
703 356 952 420 HISTORIARUM

198 563 205 574 .
258 510 453 596 praefectus,
470 509 589 574 defecit
603 528 782 660 regemgue
798 531 832 573 se
847 508 1008 594 appellari
1017 510 1129 596 Jussit,
1146 509 1238 658 :puori

260 596 449 682 exemplum
470 596 574 660 secuti
591 597 692 659 tetius
743 595 858 676 cientis
877 595 993 680 populi
1014 617 1034 658 e
1048 595 1145 661 Mace
1169 595 1238 660 oni-

208 680 321 750 18>bus
338 682 496 746 defecere.
540 681 623 746 Erat
636 692 674 746 e'o
689 689 836 765 tempore
851 680 1001 762 Arsaces,
1022 681 1075 744 vir
1089 681 1177 745 sieut
1190 681 1238 744 in-

256 775 366 834 certae
393 767 548 852 originis,
570 767 622 840 ite
647 767 777 830 virtutis
803 774 968 850 expertae.
1017 765 1084 830 Hic
1108 763 1237 847 solitus,

259 852 440 918 latrociniis
456 863 488 916 et
501 860 595 936 rapto
607 851 729 933 vivere,
746 861 881 936 accepta
892 850 1047 935 opinione
1059 851 1238 920 Seleucum

197 1003 200 1010 ,
258 960 278 1004 e
290 937 397 1004 Gallis
412 939 448 1002 in
459 938 540 1002 Asia
554 937 689 1018 victum,
702 935 830 1002 solutus
841 938 929 1021 regis
940 945 1039 1018 metu,
1055 957 1132 1002 cum
1142 959 1239 1023 prae-

255 1021 381 1088 donum
402 1045 510 1088 ‚manu
529 1021 668 1100 Parthos
690 1022 874 1106 ingressus,
897 1023 1098 1106 praefectum
1120 1043 1237 1110 eornm

256 1103 486 1194 Andragoram
502 1109 674 1193 oppressit,
690 1107 886 1194 sublatoque
902 1130 950 1190 eo,
965 1106 1143 1193 imp'erium
1159 1129 1242 1196 geu·¹
1328 1159 1329 1162 ι

207 1203 245 1259 19
256 1195 299 1260 tis
318 1194 449 1260 invasit
493 1193 568 1258 Non
586 1214 708 1278 magno
724 1191 844 1258 deinde
857 1202 932 1278 post
945 1201 1092 1280 tempore
1107 1193 1236 1278 Hyrca·

256 1300 528 1380 eorumquoque
550 1300 690 1363 regnum
711 1279 894 1365 occupavit,
917 1287 1016 1428 cipue
1030 1279 1076 1364 ita
1091 1278 1235 1356 duarum

249 1363 440 1431 ,eivitatium
475 1387 519 1428 rm
546 1366 614 1450 erio
643 1361 828 1450 praeditus,
903 1386 945 1428 an
970 1375 1037 1430 em¹
1051 1364 1236 1428 exercitum

156 1535 158 1538 Ι
255 1458 351 1600 parat
371 1387 607 1530 metuSelAuci
629 1459 662 1514 et
676 1447 848 1531 Theodoti,
899 1450 1120 1514 actrianorum
1137 1470 1173 1513 re
1201 1449 1235 1513 ’.

243 1583 247 1594 .
281 1533 323 1600 ed
343 1535 425 1616 cito,
442 1544 553 1600 morte
576 1533 739 1602 Theodoti
758 1545 849 1600 metu
870 1534 1042 1616 liberatus,
1066 1555 1143 1612 cum
1206 1535 1235 1598 ὀ

256 1620 343 1706 ejus,
367 1621 492 1714 etipse
516 1619 702 1703 Tlieodo'to,
725 1619 840 1689 foedus
861 1641 900 1685 ac
917 1619 1150 1705 pacem‘fecit3
1171 1641 1236 1683 nec

254 1704 450 1806 multopost
464 1723 539 1772 cum
550 1705 688 1790 Seleuco
703 1727 782 1792 rege
793 1705 836 1770 ud
846 1705 1025 1784 defectores
1036 1717 1235 1792 persequen-
1329 1779 1330 1788 ἵ

257 1789 315 1856 dos
331 1801 484 1858 veniente
499 1809 709 1878 congressus,
724 1793 831 1856 victor
844 1791 923 1876 firit3
939 1813 1038 1876 quem
1054 1789 1142 1856 diem
1157 1789 1235 1854 Par-

255 1873 304 1973 thi
322 1875 445 1942 exinde
464 1875 657 1970 sollennem,
680 1875 773 1968 velut
787 1877 919 1956 initium
934 1875 1104 1982 libertatis,
1127 1875 1234 1944 obser-

145 2007 148 2020 ’
255 1972 344 2028 vast.
442 2087 446 2098 .
684 2049 809 2124 esur.
877 2036 888 2054 ”
955 2107 957 2114 ,

342 2128 344 2136 “
384 2163 426 2200 s
498 2133 624 2188 Arsaces
643 2129 767 2200 timue
785 2143 985 2203 successores.

205 2225 246 2282 20
318 2215 483 2280 Revocato
500 2213 619 2282 deinde
634 2215 772 2282 Seleuco
787 2217 884 2282 novis
899 2217 1041 2283 motibus
1055 2218 1092 2281 in
1107 2216 1233 2299 Asiam,
1330 2221 1331 2224 ’

255 2301 395 2366 Arsaces
409 2323 551 2386 regnum
566 2301 757 2366 Parthicum
774 2302 901 2383 format,
914 2299 1056 2380 {militem
1071 2301 1161 2387 legit,
1181 2324 1234 2365 ca-

205 2395 243 2453 21
255 2385 351 2450 stelle
365 2388 483 2468 munit,
493 2387 780 2472 'civitates-firmat.
811 2387 936 2452 Urbem
952 2399 1084 2474 quoque
1099 2387 1232 2452 nomine

255 2471 380 2542 Darem
396 2473 437 2538 in
459 2482 571 2540 monte
590 2473 969 2558 Zapaortenon-condit3
993 2475 1086 2560 eujus
1107 2473 1170 2552 loci
1191 2494 1232 2536 ea

256 2557 404 2624 condicio
420 2566 478 2640 est,
493 2567 587 2628 utne
611 2581 652 2625 ue
663 2560 822 2628 munitius
835 2558 1015 2644 quidquem
1028 2571 1108 2640 esse,
1123 2563 1232 2644 neque

256 2645 427 2718 amoenius
442 2645 556 2728 possit.
588 2581 646 2711 lta
653 2645 748 2710 enim
764 2654 796 2708 et
814 2645 999 2728 praeruptis
1020 2645 1160 2730 rupibus
1171 2653 1231 2708 un·

248 2727 356 2814 >dique
367 2729 521 2813 cingitur,
534 2738 571 2794 ut
581 2729 685 2796 tutela
696 2729 762 2794 loci
772 2729 874 2796 nullis
885 2729 1114 2798 defensoribus
1126 2739 1231 2814 egeat,

209 2889 211 2896 Ι
255 2822 288 2876 et
310 2811 373 2878 soli
393 2815 655 2900 circumjacentis
679 2824 771 2880 tauta
792 2815 925 2881 ubertas
947 2823 1012 2897 est,
1034 2825 1072 2881 ut
1088 2817 1231 2902 propriis

205 2923 208 2928 ¹
255 2896 374 2982 opibus
390 2898 571 2984 expleatur.
605 2901 682 2968 Jam
697 2901 837 2966 fontium
853 2901 1066 2969 acsilcarum
1081 2923 1121 2966 ea
1136 2903 1233 2986 copia

254 2991 313 3064 est,
330 2992 367 3048 ut
378 2994 410 3049 et
421 3004 582 3070 uquarum
595 2985 799 3059 abundantia
809 2987 965 3068 irrigetur
976 2995 1009 3052 et
1015 2987 1231 3052 venationum

204 3079 243 3137 22
253 3069 477 3154 voluptatibus
494 3080 679 3140 exornetur.
722 3071 778 3136 Sic
792 3073 943 3153 Arsaces,
967 3073 1115 3159 quaesito
1130 3072 1229 3138 simul

253 3157 493 3242 constitutoque
509 3169 622 3242 regno,
644 3179 711 3226 nou
727 3157 837 3224 minus
851 3155 1072 3234 memorabilis
1087 3156 1229 3238 Parthis,

255 3263 355 3326 quam
369 3241 479 3306 Persis
495 3242 615 3327 Cyrus,
636 3242 874 3312 Macedonibus
890 3242 1090 3324 Alexander,
1112 3243 1228 3308 Rome·

250 3327 305 3404 ,nis
325 3327 495 3410 Romulus,
516 3337 646 3395 motura
668 3337 836 3398 senectute
857 3328 1003 3394 decedit.
1039 3327 1143 3416 Cujus
1163 3348 1227 3392 me·

253 3413 379 3478 moriae
400 3411 491 3477 huno
512 3413 808 3480 honorem'Parthi
831 3414 1035 3494 tribuerunt,
1055 3423 1093 3480 ut
1116 3433 1229 3496 omues

202 3501 243 3566 23
254 3497 374 3562 exinde
393 3519 487 3582 reges
505 3521 582 3565 suos
597 3500 732 3576 Arsacis
747 3497 1097 3584 nominenuneupenti
1119 3498 1229 3585 Hujus

248 3580 340 3649 ‚filius
356 3591 389 3648 et
402 3604 574 3670 successor
588 3585 694 3670 regui,
705 3584 857 3656 ¹Arsaces
874 3587 992 3670 etipse
1007 3587 1151 3667 nomine,
1174 3583 1228 3648 a'd·
