2658 4244
532 296 640 346 LIBER
654 296 707 346 111.
1072 293 1109 354 lb

133 447 228 532 quasi
243 445 448 530 impossibile
464 445 591 531 aliquid
607 447 637 510 ei
653 446 882 530 imperaverit,
906 454 942 510 ut
957 467 1050 510 arma
1064 467 1112 510 re-

133 534 232 616 ginae
253 533 461 596 Amazonum
484 531 548 594 sibi
572 531 711 594 efferret.
750 531 800 594 Eo
823 532 926 616 igitur
970 531 1111 596 rofectus

132 618 243 702 longis
260 639 379 681 novem
395 617 555 696 navibus,
577 617 753 686 comitante
770 615 910 696 Theseo,
965 616 1111 680 thenien-

133 705 221 766 sium
243 704 409 788 principe,
432 703 642 786 inopinantes
666 701 868 785 aggreditur.
898 701 1028 764 Paucae
1045 711 1161 769 tan-21

134 798 207 852 tum
230 789 404 873 repentino
424 787 569 851 tumultu
591 787 715 852 excitae
737 809 812 850 cum
828 787 973 871 Antiopa
987 788 1113 872 regina,
1184 819 1193 836 ·

136 871 298 958 Orithyae
321 895 431 937 sorore
453 912 496 922 -
518 895 595 936 narn
618 872 701 935 forte
725 871 867 956 Orithya
887 872 967 936 foris
988 871 1114 937 bellum

135 958 274 1042 gerebat
295 997 336 1006 -—-
359 979 452 1022 erma
472 965 702 1042 sumpserunt,
723 957 920 1043 facilemque
942 959 1113 1022 victoriam

19 1081 20 1084 κ
136 1043 289 1108 hostibus
312 1044 482 1107 dederunt.
513 1044 629 1128 Itaque
649 1043 772 1106 multae
795 1063 910 1106 caesae
933 1052 1115 1130 captaeque

137 1138 231 1210 sunt,
260 1130 297 1192 in
320 1129 371 1192 his
394 1129 478 1192 duae
499 1128 664 1212 Antiopae
687 1149 830 1208 sorores,
861 1127 1051 1212 Menalippa
1074 1127 1116 1192 ab

139 1213 302 1295 Hercule,
325 1214 509 1298 Hippolyta
524 1236 544 1276 a
559 1212 695 1278 Theseo.
735 1213 884 1277 Theseus
901 1215 1066 1298 captivam
1081 1215 1117 1276 in
1127 1224 1167 1280 22

138 1301 386 1363 matrimonium
402 1299 582 1384 assumpsit
597 1307 629 1362 et
644 1321 686 1362 ex
701 1320 741 1360 ea
755 1300 870 1382 genuit
885 1299 1116 1386 Hippolytum.

140 1383 301 1450 Hercules
317 1383 530 1471 Menalippen
552 1393 627 1468 post
649 1385 821 1448 victoriam
845 1385 949 1450 sorori
965 1384 1117 1464 reddidit,

141 1481 173 1534 et
192 1471 335 1554 pretium
356 1493 447 1534 arma
462 1471 597 1554 reginae
613 1470 749 1556 accepit.
786 1469 858 1534 Hoc
874 1469 971 1534 modo
986 1471 1118 1534 functus

143 1555 308 1634 mandato,
325 1555 367 1618 ad
379 1577 490 1638 regem
503 1555 687 1620 revertitur.
718 1553 785 1620 Sed
797 1555 948 1640 Orithya,
965 1554 1022 1619 ubi
1034 1577 1119 1618 coru·
1130 1563 1169 1621 23

141 1641 228 1726 perit
238 1639 363 1705 bellum
377 1640 545 1706 sororibus
558 1639 697 1721 illatum,
714 1648 746 1704 et
757 1661 795 1703 ra
819 1651 924 1706 torem
936 1662 1007 1704 esse
1019 1640 1119 1705 Athe-

141 1726 308 1789 niensium
329 1727 531 1810 principcm,
559 1727 593 1788 in
616 1725 776 1790 ultionem
795 1664 950 1790 hortatur
972 1726 1119 1804 comites,

138 1819 265 1892 frustra
288 1825 320 1876 et
339 1817 469 1876 Pontum
497 1824 526 1876 et
545 1819 654 1876 Arium
682 1819 846 1875 edomitam
875 1833 956 1884 erre,
988 1809 1121 1872 demon-

142 1907 266 1977 strans,
300 1904 330 1962 si
359 1903 549 1962 Graecorum
578 1919 641 1960 non
670 1908 732 1960 tam
763 1901 852 1960 bellis
881 1917 973 1974 quam
1000 1903 1121 1974 rapinis

136 1994 278 2064 pateant.
325 1979 500 2046 Auxilium
521 1981 640 2045 deinde
659 1981 741 2065 petit
761 1979 935 2064 asagilm,
950 2002 1028 2064 rege
1044 1981 1173 2066 Scy-24

144 2067 249 2144 thiae,
274 2068 333 2152 qui
355 2089 431 2130 cum
446 2069 574 2150 ingenti
590 2068 737 2153 equitatu
753 2065 859 2130 filium
874 2065 1122 2150 Panasagorum

142 2154 179 2216 in
201 2152 365 2216 auxilium
388 2150 495 2215 mittit.
536 2152 602 2216 Sed
625 2161 701 2214 ante
726 2151 889 2234 proelium
917 2151 1122 2215 dissensione

145 2248 233 2319 orta,
257 2236 298 2301 ab
322 2237 455 2301 auxiliis
478 2237 626 2302 desertae
647 2240 831 2300 Amazones
854 2236 942 2301 bello
966 2237 1006 2300 ab
1025 2236 1123 2300 Athe·

144 2321 317 2386 niensibus
343 2324 539 2405 vincuntur3
569 2321 813 2408 receptaculum
841 2333 949 2386 tamen
978 2322 1123 2386 habuere

145 2417 254 2472 castra
275 2409 454 2487 sociorum,
482 2429 622 2493 quorum
647 2407 772 2470 auxilio
797 2409 831 2469 in
855 2430 994 2491 regnum
1018 2429 1124 2471 rever-

146 2501 272 2556 tuntur.
302 2492 381 2556 Post
397 2493 571 2578 Orithyam
586 2492 797 2556 Penthesilea
818 2514 920 2576 regno
943 2493 1046 2576 potita
1066 2501 1123 2570 est,
1136 2498 1174 2556 25

147 2579 243 2664 cujus
273 2579 306 2641 in
333 2577 421 2641 bello
449 2570 742 2664 Trojan0‚·qu1'nn
773 2578 935 2640 auxilium
966 2577 1125 2640 adversus

148 2664 295 2727 Graecos
310 2663 417 2743 ferret,
434 2685 555 2747 magna
572 2664 700 2727 virtutis
713 2663 910 2726 documenta
921 2664 1124 2726 exstiterunt.

147 2749 325 2812 Interfecta
347 2748 490 2834 denique
512 2749 720 2814 Penthesilea
742 2749 955 2833 exercituque
979 2749 1048 2833 ejus
1073 2745 1126 2810 ab·

149 2843 292 2919 sumpto,
308 2853 443 2918 paucae,
461 2835 594 2920 quaein
610 2854 713 2918 regno
728 2844 962 2914 remanserant,
980 2853 1077 2916 aegre
1093 2852 1126 2895 se

149 2919 308 2982 advorsus
321 2918 477 2983 finitimos
491 2918 713 2999 defendentes
730 2919 889 3004 usquead
900 2917 1126 2982 Alexandrum

149 3003 311 3087 Magnum
328 3005 539 3085 duraverunt,
557 3005 650 3091 cujus
665 3003 866 3088 temporibus
878 3004 1043 3086 Minithya
1058 3003 1128 3065 sive

152 3088 335 3237 Thalgstris
355 3090 472 3173 regina
494 3111 568 3154 cum
593 3091 683 3158 omni
699 3092 903 3154 Amazonum
927 3090 1061 3164 nomme
1081 3089 1128 3149 in-

155 3175 237 3237 terci
260 3176 295 3236 it.

1186 678 1198 708 Ι

489 3306 492 3312 .
576 3220 655 3311 bur.
674 3262 706 3312 V.

151 3343 271 3416 Bellum
283 3343 460 3412 Scytharum
473 3344 744 3466 adrerspplpprrtros.
761 3343 872 3398 Darius
886 3341 1004 3412 Scythis
1016 3341 1130 3398 bellum
1171 3307 1173 3311 Ι

217 3514 361 3600 Scythae
383 3525 492 3578 autem
518 3524 593 3600 post
618 3515 746 3579 tertiam
770 3514 1015 3598 expeditionem
1036 3513 1181 3576 Asia-26
