2658 4244
143 353 148 364 Ι
209 295 238 330 rv
590 277 801 332 PRAEFATIO.

211 453 296 516 quae
319 439 376 494 aut
389 453 410 494 a
425 429 556 494 dicendi
572 429 809 494 consuetudine
825 440 858 494 et
872 433 970 496 nimis
987 432 1186 498 abhorreant

211 541 243 597 et
264 531 438 596 imitationi
454 529 676 594 commendari
690 553 759 595 non
773 532 915 618 possint,
936 543 993 596 aut
1006 555 1185 619 puerorum

210 630 447 718 intelligentiae
469 631 655 696 difficiliora
675 630 864 713 videantur,
887 633 998 698 omnia
1016 655 1186 699 removere
1297 687 1298 690 ,

210 734 264 799 vel
280 733 394 799 saltem
410 743 537 800 mutare
552 756 619 799 non
635 734 869 800 dubitavimus.
895 735 1049 823 Denique
1065 743 1186 819 autem,

211 845 248 901 ut
263 858 347 924 quae
362 834 559 900 cohaereant
569 837 654 900 inter
669 859 714 918 se,
727 838 845 902 artiore
862 859 993 923 quoque
1003 839 1185 925 jungamus
1295 867 1299 917 ι

212 939 361 1020 vinculo,
384 957 451 1002 non
468 946 596 1002 tantum
612 937 865 1026 descriptionem
881 938 1039 1004 librorum
1055 940 1184 1006 solitam
1296 920 1299 985 .'

211 1041 431 1121 deseruimus,
461 1040 640 1105 sedetiam
662 1044 699 1104 ut
725 1059 791 1106 uno
818 1041 915 1126 quasi
936 1037 1052 1106 obtutu
1076 1065 1184 1107 rerum

211 1150 405 1226 argumenta
417 1141 713 1229 discipulivideant
725 1150 879 1206 acmanto
887 1143 1082 1229 percipiant,
1092 1144 1185 1212 libris

211 1243 351 1329 singulis
371 1244 599 1331 capitibusque
620 1244 731 1309 titulos
751 1245 805 1309 vel
821 1245 1051 1331 inscriptiones
1067 1246 1186 1333 adjeci-

210 1369 293 1411 mus.
323 1347 398 1412 Non
420 1347 530 1411 minus
552 1369 706 1412 numeros
727 1345 1028 1432 chronographiam
1044 1347 1086 1412 ad
1102 1372 1185 1413 mar-

211 1450 322 1535 ginem
342 1449 431 1536 typis
451 1451 640 1516 curavimus
663 1449 885 1516 excudendos.
916 1450 1084 1515 Postremo
1105 1473 1185 1516 vero

211 1553 253 1618 ad
272 1573 370 1618 usam
393 1552 629 1638 expeditionem
651 1552 928 1639 locupletissimus
948 1551 1126 1620 vorborum
1147 1577 1185 1618 ac

209 1658 381 1722 nominum
396 1656 499 1721 index
512 1655 681 1720 volumino
693 1664 845 1742 separato
862 1655 993 1722 additus
1008 1664 1067 1721 eet.

274 1759 351 1824 Jam
366 1765 476 1841 restat,
497 1767 536 1822 ut
549 1759 621 1822 viro
635 1757 859 1822 illustrissimo
875 1757 1062 1824 doctissimo
1078 1763 1185 1826 scaei-

210 1871 278 1927 bert
300 1883 320 1926 a
339 1861 440 1947 regiis
461 1859 608 1925 consiliis
629 1859 849 1942 scholasticis,
874 1861 934 1946 qui
956 1861 1065 1924 animo
1085 1859 1183 1926 bene

209 1963 434 2028 volantissimo
457 1985 523 2028 nos·
536 1962 675 2028 consilio
690 1985 751 2026 suo
767 1977 967 2048 magnopore
982 1961 1123 2048 adjuvit,
1147 1983 1187 2026 aa

211 2087 277 2152 qua
288 2087 351 2151 par
365 2073 415 2130 ast
430 2064 654 2146 observantia,
678 2086 815 2149 agamus
830 2065 962 2148 gratias.
1045 2111 1046 2114 ,

784 2307 787 2312 ·
902 2242 905 2252 ’
938 2267 1120 2337 Anemosa
