2678 4246
456 347 566 406 HBHB
582 347 694 400 xxxn.
751 373 754 378 ·
1038 343 1077 410 b!

89 505 305 566 condiciones
318 505 505 581 relaturum
520 506 635 578 quippe
650 509 680 562 et
688 503 840 577 Hisponis
851 504 930 565 bello
939 507 1078 579 fiumen·

89 589 180 650 tibus
197 591 306 650 nmen
320 596 437 650 tontum
449 592 567 660 emese,
585 587 747 648 etlrottam
758 590 915 649 nunccibi
924 593 1077 652 notiorem

91 691 176 748 esse,
193 676 423 749 quampridem
434 676 568 749 sancet·
582 674 641 732 sed
654 689 713 734 nec
729 674 946 748 Certiooinem
962 677 1078 748 quietu-

90 775 174 833 ram,
190 762 372 835 sonumque
387 777 426 820 so
438 762 468 828 o·
481 761 551 820 aine
565 775 653 818 moro
660 759 886 832 praebituram.

95 991 228 1048 Romani
245 989 444 1048 Hannibalem
466 905 722 1060 mhiiplitbuen
746 989 892 1054 lunaelac
915 989 1077 1056 adducunt.

163 1093 276 1172 Quum
289 1094 361 1178 regi
383 1090 524 1160 consilia
544 1091 764 1178 placuissent,
787 1092 928 1160 mittitur
942 1091 1129 1162 enatans

95 1179 213 1264 ginem
235 1201 322 1244 unus
345 1199 387 1244 ex
410 1176 584 1243 comitibus
598 1175 808 1258 Hannibalis,
828 1176 937 1263 quiin
952 1175 1077 1244 bellum

95 1262 240 1349 cupidos
260 1262 416 1343 hortetur,
436 1260 726 1348 Hannibalemque
740 1283 821 1332 cum
831 1262 935 1347 copiis
951 1261 1078 1326 adfirm-

95 1371 174 1413 rum
191 1348 337 1430 nunciet,
353 1354 441 1425 nihil,
459 1347 555 1428 dicat,
564 1353 723 1426 partious,
738 1355 802 1413 nisi
813 1355 934 1412 animos
947 1352 1078 1412 Coreto·

95 1441 288 1514 ciniensium
303 1440 421 1513 deesse,
436 1440 543 1498 Arium
559 1444 589 1496 et
602 1440 682 1512 vires
698 1439 770 1497 belli
785 1444 814 1496 et
824 1447 1078 1511 sumptumprue·

97 1525 243 1586 biturcm.
297 1513 390 1582 Haec
420 1537 522 1603 quum
550 1517 679 1602 perlata
692 1515 936 1601 ,Carthaginem
960 1523 1078 1596 essent,
1090 1523 1129 1581 14

95 1605 243 1668 nuncius
264 1602 335 1687 ipse
350 1601 392 1668 ab
407 1602 549 1690 inimicis
563 1600 763 1668 Hannibalis
779 1600 1078 1689 comprehenditur,

97 1698 140 1753 et·
152 1687 333 1773 perductus
361 1688 398 1752 in
425 1695 575 1752 senatum
607 1709 710 1773 quum
736 1687 1008 1772 interrogaretur,
1036 1684 1079 1754 od

98 1795 201 1860 quem
223 1773 342 1839 missus
366 1781 460 1855 esset,
482 1772 609 1838 Punico
631 1773 766 1856 ingenio
785 1771 965 1857 respondit,
987 1793 1022 1835 se
1036 1776 1081 1840 ed

98 1867 278 1924 amaneum
299 1871 439 1928 emotum
461 1866 604 1934 missum·
626 1879 685 1922 nec
706 1866 786 1926 enne
801 1863 862 1922 tec
877 1877 956 1936 opus
970 1864 1078 1934 sinper-

97 1951 211 2024 lorum,
226 1950 286 2008 sed
298 1950 512 2026 universorum
528 1965 605 2008 esse.
636 1941 727 2009 Dum
742 1940 854 2008 multis
870 1940 987 2006 diebus
1000 1939 1080 2008 deli·

96 2028 229 2109 beraut,
245 2049 287 2092 en
304 2050 378 2093 eum
391 2027 528 2094 Romam
544 2027 587 2092 ad
601 2026 808 2114 purgandam
824 2025 990 2114 publicam
1004 2046 1079 2090 con-

98 2113 273 2178 scientiam
296 2114 437 2198 mittant,
459 2114 578 2178 tacitus
600 2131 782 2178 conscensa
795 2110 938 2178 navensi
953 2109 1078 2174 Hanni·

96 2197 210 2264 belem
227 2199 416 2282 revertitur,
434 2219 506 2284 quo
522 2198 665 2284 cognito,
689 2196 978 2282 Carthaginienses
993 2194 1078 2260 ultro

98 2305 170 2348 rem
186 2283 324 2348 Romam
345 2305 405 2370 per
426 2283 572 2368 legatum
588 2281 748 2350 deferunt.
791 2281 935 2346 Romani
948 2300 1078 2367 quoque
1090 2288 1129 2346 15

99 2368 144 2432 ad
158 2368 360 2433 Antiochum
376 2368 502 2454 legatos
516 2368 646 2449 misere,
669 2368 727 2454 qui
742 2365 804 2432 sub
820 2367 931 2451 specie
946 2365 1078 2449 legatio

99 2455 153 2518 nis
169 2463 203 2518 et
217 2455 304 2538 regis
320 2463 515 2540 apparatum
531 2452 788 2540 specularentur,
808 2461 841 2516 et
854 2449 1079 2522 Hannibalem

100 2547 160 2604 aut
180 2537 337 2605 Romanis
365 2540 569 2623 mitigarent,
595 2545 657 2606 aut¹
681 2536 814 2606 assiduo
841 2534 1005 2621 colloquio
1028 2555 1079 2598 su·

101 2631 251 2708 spectum
279 2625 490 2709 invisumque
517 2624 590 2708 regi
610 2621 797 2691 redderent.
838 2620 958 2706 Itaque
979 2618 1129 2768 lepatilt

100 2731 205 2796 quum
224 2708 351 2793 Ephesi
366 2710 604 2774 convenissent
625 2703 896 2787 atAntioehum,
925 2727 999 2770 man
1026 2712 1080 2768 ata

101 2795 132 2858 ei
163 2803 298 2859 senatus
328 2793 471 2858 tradunt.
529 2793 621 2861 Dum
650 2811 845 2877 responsum
875 2797 1079 2876 exspectant,

101 2877 256 2945 omnibus
280 2877 396 2944 diebus
420 2877 544 2944 assidui
566 2879 655 2941 circa
668 2873 892 2942 Hannibalem
908 2876 1009 2957 fuere,
1034 2874 1080 2938 di·

102 2973 230 3030 centes:
256 2968 372 3030 limite
394 2986 461 3030 enm
484 2985 503 3028 a
518 2971 639 3044 poene*
653 2969 834 3039 recessisse,
858 2983 950 3041 onum
964 2981 1079 3040 paeon

101 3055 257 3130 Romani,
285 3071 347 3115 non
371 3061 433 3114 tom
456 3070 524 3114 cun
545 3053 706 3128 republica
728 3051 814 3126 ejus,
838 3068 929 3126 quom
953 3067 1020 3110 oum
1044 3065 1079 3108 eo

99 3142 233 3215 sactum,
256 3156 374 3200 sumna
394 3142 458 3213 fide
480 3141 677 3210 cistertium,-
699 3153 757 3198 nec
779 3137 859 3196 bello
881 3152 948 3196 eum
963 3136 1079 3194 Rome·

103 3239 215 3288 norum
229 3228 332 3299 meets
348 3227 430 3301 odio,
448 3241 539 3300 quam
547 3226 679 3300 petrice
692 3235 801 3282 ¹stercore
814 3224 960 3295 cessisse,
977 3221 1029 3280 cui
1040 3219 1080 3278 oh

103 3313 219 3386 optimo
244 3326 366 3386 quoque
389 3314 478 3370 ettam
501 3311 716 3386 spiritus-epse
731 3309 890 3370 detenter.
934 3305 1081 3365 Bellendi

103 3399 186 3458 enim
207 3396 486 3470 consectatores
505 3412 575 3454 esee
593 3397 674 3454 inter
687 3393 838 3468 populos,
861 3407 930 3454 non¹
932 3391 1080 3465 prieneus

102 3485 186 3543 inter
202 3483 308 3542 duces.
353 3474 436 3540 Inde
454 3497 506 3540 res
526 3483 635 3559 gestas
652 3475 722 3560 ejus
737 3469 898 3536 laudare„
931 3469 1078 3551 Quorum
1090 3476 1131 3533 17

102 3583 254 3652 sermone
274 3559 389 3642 laetus,
412 3560 545 3646 saepius
558 3559 778 3644 cupidineque
792 3578 869 3621 cum
884 3555 1002 3643 legatis
1017 3553 1080 3619 col-
