<?xml version="1.0" encoding="UTF-8"?>
<!DOCTYPE html PUBLIC "-//W3C//DTD XHTML 1.0 Transitional//EN"
    "http://www.w3.org/TR/xhtml1/DTD/xhtml1-transitional.dtd">
<html xmlns="http://www.w3.org/1999/xhtml" xml:lang="en" lang="en">
 <head>
  <title>
</title>
<meta http-equiv="Content-Type" content="text/html;charset=utf-8" />
  <meta name='ocr-system' content='tesseract 3.04.00' />
  <meta name='ocr-capabilities' content='ocr_page ocr_carea ocr_par ocr_line ocrx_word'/>
</head>
<body>
  <div class='ocr_page' id='page_1' title='image "./historiarumlibr00eitngoog_0199.png"; bbox 0 0 2678 4246; ppageno 0'>
   <div class='ocr_carea' id='block_1_1' title="bbox 247 298 940 362">
    <p class='ocr_par' dir='ltr' id='par_1_1' title="bbox 247 298 940 362">
     <span class='ocr_line' id='line_1_1' title="bbox 247 298 940 362; baseline -0.007 0"><span class='ocrx_word' id='word_1_1' title='bbox 247 298 286 362; x_wconf 73' lang='grc'><strong>56</strong></span> <span class='ocrx_word' id='word_1_2' title='bbox 536 303 676 358; x_wconf 79' lang='lat' dir='ltr'><strong>Jusmu</strong></span> <span class='ocrx_word' id='word_1_3' title='bbox 693 303 940 358; x_wconf 76' lang='lat' dir='ltr'><strong>msuomhauu</strong></span> 
     </span>
    </p>
   </div>
   <div class='ocr_carea' id='block_1_2' title="bbox 246 452 1232 712">
    <p class='ocr_par' dir='ltr' id='par_1_2' title="bbox 246 452 1232 712">
     <span class='ocr_line' id='line_1_2' title="bbox 246 452 1232 538; baseline 0.001 -18"><span class='ocrx_word' id='word_1_4' title='bbox 246 461 343 520; x_wconf 84' lang='lat' dir='ltr'><strong>vetus</strong></span> <span class='ocrx_word' id='word_1_5' title='bbox 364 452 584 520; x_wconf 77' lang='lat' dir='ltr'><strong>Macedonum</strong></span> <span class='ocrx_word' id='word_1_6' title='bbox 605 455 728 536; x_wconf 77' lang='lat' dir='ltr'><strong>virtus,</strong></span> <span class='ocrx_word' id='word_1_7' title='bbox 750 465 783 520; x_wconf 90' lang='lat' dir='ltr'><strong>et</strong></span> <span class='ocrx_word' id='word_1_8' title='bbox 804 455 924 521; x_wconf 86' lang='lat' dir='ltr'><strong>devicti</strong></span> <span class='ocrx_word' id='word_1_9' title='bbox 940 455 1086 520; x_wconf 78' lang='lat' dir='ltr'><strong>Orientis</strong></span> <span class='ocrx_word' id='word_1_10' title='bbox 1110 455 1232 538; x_wconf 85' lang='lat' dir='ltr'><strong>gloria,</strong></span> 
     </span>
     <span class='ocr_line' id='line_1_3' title="bbox 247 536 1230 623; baseline 0.003 -22"><span class='ocrx_word' id='word_1_11' title='bbox 247 546 281 616; x_wconf 82' lang='lat' dir='ltr'><strong>et</strong></span> <span class='ocrx_word' id='word_1_12' title='bbox 293 536 469 623; x_wconf 71' lang='lat' dir='ltr'>Philippus</span> <span class='ocrx_word' id='word_1_13' title='bbox 485 539 593 604; x_wconf 89' lang='lat' dir='ltr'><strong>studio</strong></span> <span class='ocrx_word' id='word_1_14' title='bbox 608 539 793 614; x_wconf 73' lang='lat' dir='ltr'><strong>Alexandri</strong></span> <span class='ocrx_word' id='word_1_15' title='bbox 813 540 1043 607; x_wconf 75' lang='lat' dir='ltr'><strong>aemulationis</strong></span> <span class='ocrx_word' id='word_1_16' title='bbox 1058 541 1230 623; x_wconf 86' lang='lat' dir='ltr'><strong>incensus,</strong></span> 
     </span>
     <span class='ocr_line' id='line_1_4' title="bbox 246 624 1229 712; baseline -0.003 -21"><span class='ocrx_word' id='word_1_17' title='bbox 246 644 346 709; x_wconf 89' lang='lat' dir='ltr'><strong>quem</strong></span> <span class='ocrx_word' id='word_1_18' title='bbox 361 632 551 708; x_wconf 89' lang='lat' dir='ltr'><strong>promptum</strong></span> <span class='ocrx_word' id='word_1_19' title='bbox 566 625 601 688; x_wconf 92' lang='lat' dir='ltr'><strong>in</strong></span> <span class='ocrx_word' id='word_1_20' title='bbox 612 624 701 692; x_wconf 86' lang='lat' dir='ltr'><strong>bella</strong></span> <span class='ocrx_word' id='word_1_21' title='bbox 712 624 980 712; x_wconf 85' lang='lat' dir='ltr'><strong>industriumque</strong></span> <span class='ocrx_word' id='word_1_22' title='bbox 993 635 1229 710; x_wconf 78' lang='lat' dir='ltr'><strong>cognoverant.</strong></span> 
     </span>
    </p>
   </div>
   <div class='ocr_carea' id='block_1_3' title="bbox 428 779 1043 928">
    <p class='ocr_par' dir='ltr' id='par_1_3' title="bbox 428 779 1043 928">
     <span class='ocr_line' id='line_1_5' title="bbox 428 779 1043 928; baseline 0.007 -14"><span class='ocrx_word' id='word_1_23' title='bbox 428 857 565 928; x_wconf 80' lang='lat' dir='ltr'><strong>Philippi</strong></span> <span class='ocrx_word' id='word_1_24' title='bbox 582 779 875 917; x_wconf 59' lang='lat' dir='ltr'><strong>ueuuhAhoininum</strong></span> <span class='ocrx_word' id='word_1_25' title='bbox 892 861 1043 918; x_wconf 71' lang='lat' dir='ltr'><strong>dlffemur.</strong></span> 
     </span>
    </p>
   </div>
   <div class='ocr_carea' id='block_1_4' title="bbox 82 960 1228 3596">
    <p class='ocr_par' dir='ltr' id='par_1_4' title="bbox 196 960 1228 1217">
     <span class='ocr_line' id='line_1_6' title="bbox 196 960 1228 1050; baseline 0 -22"><span class='ocrx_word' id='word_1_26' title='bbox 196 969 237 1028; x_wconf 77' lang='lat'><strong>14</strong></span> <span class='ocrx_word' id='word_1_27' title='bbox 310 960 489 1045; x_wconf 78' lang='lat' dir='ltr'><strong>Philippus</strong></span> <span class='ocrx_word' id='word_1_28' title='bbox 497 961 608 1046; x_wconf 88' lang='lat' dir='ltr'><strong>igitur,</strong></span> <span class='ocrx_word' id='word_1_29' title='bbox 621 984 723 1048; x_wconf 87' lang='lat' dir='ltr'><strong>quum</strong></span> <span class='ocrx_word' id='word_1_30' title='bbox 734 965 851 1030; x_wconf 89' lang='lat' dir='ltr'><strong>iterato</strong></span> <span class='ocrx_word' id='word_1_31' title='bbox 863 962 988 1050; x_wconf 91' lang='lat' dir='ltr'><strong>proelio</strong></span> <span class='ocrx_word' id='word_1_32' title='bbox 1000 965 1103 1028; x_wconf 89' lang='lat' dir='ltr'><strong>victos</strong></span> <span class='ocrx_word' id='word_1_33' title='bbox 1116 986 1138 1026; x_wconf 93' lang='lat' dir='ltr'><strong>a</strong></span> <span class='ocrx_word' id='word_1_34' title='bbox 1147 963 1228 1028; x_wconf 79' lang='lat' dir='ltr'><strong>Poe</strong></span> 
     </span>
     <span class='ocr_line' id='line_1_7' title="bbox 245 1045 1227 1134; baseline 0 -22"><span class='ocrx_word' id='word_1_35' title='bbox 245 1045 471 1112; x_wconf 87' lang='lat' dir='ltr'><strong>nisRomanos</strong></span> <span class='ocrx_word' id='word_1_36' title='bbox 485 1046 661 1129; x_wconf 79' lang='lat' dir='ltr'><strong>didicisset,</strong></span> <span class='ocrx_word' id='word_1_37' title='bbox 675 1059 786 1134; x_wconf 89' lang='lat' dir='ltr'><strong>aperte</strong></span> <span class='ocrx_word' id='word_1_38' title='bbox 798 1047 925 1114; x_wconf 85' lang='lat' dir='ltr'><strong>hostem</strong></span> <span class='ocrx_word' id='word_1_39' title='bbox 938 1070 974 1112; x_wconf 85' lang='lat' dir='ltr'><strong>se</strong></span> <span class='ocrx_word' id='word_1_40' title='bbox 985 1048 1038 1114; x_wconf 87' lang='lat' dir='ltr'><strong>his</strong></span> <span class='ocrx_word' id='word_1_41' title='bbox 1049 1050 1227 1132; x_wconf 79' lang='lat' dir='ltr'><strong>professus,</strong></span> 
     </span>
     <span class='ocr_line' id='line_1_8' title="bbox 246 1130 1226 1217; baseline 0 -21"><span class='ocrx_word' id='word_1_42' title='bbox 246 1153 366 1210; x_wconf 88' lang='lat' dir='ltr'><strong>naves,</strong></span> <span class='ocrx_word' id='word_1_43' title='bbox 390 1130 511 1217; x_wconf 88' lang='lat' dir='ltr'><strong>quibus</strong></span> <span class='ocrx_word' id='word_1_44' title='bbox 525 1131 561 1194; x_wconf 90' lang='lat' dir='ltr'><strong>in</strong></span> <span class='ocrx_word' id='word_1_45' title='bbox 575 1131 705 1196; x_wconf 86' lang='lat' dir='ltr'><strong>Italiam</strong></span> <span class='ocrx_word' id='word_1_46' title='bbox 726 1135 906 1217; x_wconf 72' lang='lat' dir='ltr'><strong>trajiceret,</strong></span> <span class='ocrx_word' id='word_1_47' title='bbox 929 1132 1092 1198; x_wconf 81' lang='lat' dir='ltr'><strong>fabricare</strong></span> <span class='ocrx_word' id='word_1_48' title='bbox 1108 1136 1226 1216; x_wconf 88' lang='lat' dir='ltr'><strong>coepit.</strong></span> 
     </span>
    </p>

    <p class='ocr_par' dir='ltr' id='par_1_5' title="bbox 197 1215 1227 1554">
     <span class='ocr_line' id='line_1_9' title="bbox 197 1215 1226 1304; baseline 0 -22"><span class='ocrx_word' id='word_1_49' title='bbox 197 1215 410 1300; x_wconf 79' lang='lat' dir='ltr'><strong>ldLegatum</strong></span> <span class='ocrx_word' id='word_1_50' title='bbox 427 1215 545 1291; x_wconf 86' lang='lat' dir='ltr'><strong>deinde</strong></span> <span class='ocrx_word' id='word_1_51' title='bbox 561 1216 604 1280; x_wconf 91' lang='lat' dir='ltr'><strong>ad</strong></span> <span class='ocrx_word' id='word_1_52' title='bbox 618 1217 840 1284; x_wconf 85' lang='lat' dir='ltr'><strong>Hannibalem</strong></span> <span class='ocrx_word' id='word_1_53' title='bbox 851 1218 1046 1304; x_wconf 85' lang='lat' dir='ltr'><strong>jungendae</strong></span> <span class='ocrx_word' id='word_1_54' title='bbox 1061 1219 1226 1282; x_wconf 85' lang='lat' dir='ltr'><strong>societatis</strong></span> 
     </span>
     <span class='ocr_line' id='line_1_10' title="bbox 247 1301 1227 1390; baseline 0.002 -26"><span class='ocrx_word' id='word_1_55' title='bbox 247 1302 354 1385; x_wconf 78' lang='lat' dir='ltr'><strong>gratia</strong></span> <span class='ocrx_word' id='word_1_56' title='bbox 375 1322 450 1364; x_wconf 92' lang='lat' dir='ltr'><strong>cum</strong></span> <span class='ocrx_word' id='word_1_57' title='bbox 473 1301 620 1386; x_wconf 86' lang='lat' dir='ltr'><strong>epistolis</strong></span> <span class='ocrx_word' id='word_1_58' title='bbox 641 1304 758 1387; x_wconf 63' lang='lat' dir='ltr'><strong>mitti-m</strong></span> <span class='ocrx_word' id='word_1_59' title='bbox 781 1303 1117 1390; x_wconf 88' lang='lat' dir='ltr'><strong>quicomprehensus</strong></span> <span class='ocrx_word' id='word_1_60' title='bbox 1137 1303 1227 1366; x_wconf 86' lang='lat' dir='ltr'><strong>etad</strong></span> 
     </span>
     <span class='ocr_line' id='line_1_11' title="bbox 246 1385 1226 1470; baseline 0.002 -20"><span class='ocrx_word' id='word_1_61' title='bbox 246 1395 397 1456; x_wconf 90' lang='lat' dir='ltr'><strong>senatum</strong></span> <span class='ocrx_word' id='word_1_62' title='bbox 409 1385 600 1470; x_wconf 80' lang='lat' dir='ltr'><strong>perductur,</strong></span> <span class='ocrx_word' id='word_1_63' title='bbox 615 1387 790 1454; x_wconf 86' lang='lat' dir='ltr'><strong>incolumis</strong></span> <span class='ocrx_word' id='word_1_64' title='bbox 800 1387 958 1453; x_wconf 84' lang='lat' dir='ltr'><strong>dimissus</strong></span> <span class='ocrx_word' id='word_1_65' title='bbox 970 1397 1028 1465; x_wconf 87' lang='lat' dir='ltr'><strong>est,</strong></span> <span class='ocrx_word' id='word_1_66' title='bbox 1043 1409 1112 1453; x_wconf 90' lang='lat' dir='ltr'><strong>uon</strong></span> <span class='ocrx_word' id='word_1_67' title='bbox 1123 1389 1159 1451; x_wconf 92' lang='lat' dir='ltr'><strong>in</strong></span> <span class='ocrx_word' id='word_1_68' title='bbox 1170 1388 1226 1452; x_wconf 91' lang='lat' dir='ltr'><strong>ho·</strong></span> 
     </span>
     <span class='ocr_line' id='line_1_12' title="bbox 246 1471 1226 1554; baseline 0.002 -20"><span class='ocrx_word' id='word_1_69' title='bbox 246 1491 361 1536; x_wconf 88' lang='lat' dir='ltr'><strong>norem</strong></span> <span class='ocrx_word' id='word_1_70' title='bbox 372 1471 468 1554; x_wconf 85' lang='lat' dir='ltr'><strong>rogis</strong></span> <span class='ocrx_word' id='word_1_71' title='bbox 477 1517 486 1550; x_wconf 88' lang='lat'>‚</span> <span class='ocrx_word' id='word_1_72' title='bbox 506 1471 565 1536; x_wconf 89' lang='lat' dir='ltr'><strong>sed</strong></span> <span class='ocrx_word' id='word_1_73' title='bbox 579 1494 624 1534; x_wconf 88' lang='lat' dir='ltr'><strong>ne</strong></span> <span class='ocrx_word' id='word_1_74' title='bbox 637 1471 758 1538; x_wconf 85' lang='lat' dir='ltr'><strong>dubius</strong></span> <span class='ocrx_word' id='word_1_75' title='bbox 774 1473 885 1538; x_wconf 87' lang='lat' dir='ltr'><strong>adhue</strong></span> <span class='ocrx_word' id='word_1_76' title='bbox 902 1472 1108 1538; x_wconf 84' lang='lat' dir='ltr'><strong>indubitatus</strong></span> <span class='ocrx_word' id='word_1_77' title='bbox 1123 1472 1226 1538; x_wconf 87' lang='lat' dir='ltr'><strong>hostis</strong></span> 
     </span>
    </p>

    <p class='ocr_par' dir='ltr' id='par_1_6' title="bbox 197 1555 1225 1642">
     <span class='ocr_line' id='line_1_13' title="bbox 197 1555 1225 1642; baseline -0.003 -19"><span class='ocrx_word' id='word_1_78' title='bbox 197 1555 448 1631; x_wconf 55' lang='lat' dir='ltr'><strong>ldrmlderetur.</strong></span> <span class='ocrx_word' id='word_1_79' title='bbox 484 1555 607 1620; x_wconf 84' lang='lat' dir='ltr'><strong>Postea</strong></span> <span class='ocrx_word' id='word_1_80' title='bbox 617 1579 713 1638; x_wconf 84' lang='lat' dir='ltr'><strong>vero,</strong></span> <span class='ocrx_word' id='word_1_81' title='bbox 735 1580 838 1642; x_wconf 87' lang='lat' dir='ltr'><strong>quum</strong></span> <span class='ocrx_word' id='word_1_82' title='bbox 852 1558 1009 1628; x_wconf 85' lang='lat' dir='ltr'><strong>Romanis</strong></span> <span class='ocrx_word' id='word_1_83' title='bbox 1031 1559 1225 1622; x_wconf 80' lang='lat' dir='ltr'><strong>nunciatum</strong></span> 
     </span>
    </p>

    <p class='ocr_par' dir='ltr' id='par_1_7' title="bbox 200 1637 1226 2068">
     <span class='ocr_line' id='line_1_14' title="bbox 200 1637 1226 1728; baseline 0.002 -24"><span class='ocrx_word' id='word_1_84' title='bbox 200 1673 214 1695; x_wconf 55' lang='lat' dir='ltr'><strong>a·</strong></span> <span class='ocrx_word' id='word_1_85' title='bbox 247 1649 348 1722; x_wconf 82' lang='lat' dir='ltr'><strong>esset,</strong></span> <span class='ocrx_word' id='word_1_86' title='bbox 369 1642 405 1704; x_wconf 89' lang='lat' dir='ltr'><strong>in</strong></span> <span class='ocrx_word' id='word_1_87' title='bbox 419 1639 550 1704; x_wconf 87' lang='lat' dir='ltr'><strong>Italiam</strong></span> <span class='ocrx_word' id='word_1_88' title='bbox 565 1637 758 1726; x_wconf 88' lang='lat' dir='ltr'><strong>Philippum</strong></span> <span class='ocrx_word' id='word_1_89' title='bbox 774 1643 884 1726; x_wconf 87' lang='lat' dir='ltr'><strong>copias</strong></span> <span class='ocrx_word' id='word_1_90' title='bbox 900 1643 1110 1728; x_wconf 87' lang='lat' dir='ltr'><strong>trajecturum</strong></span> <span class='ocrx_word' id='word_1_91' title='bbox 1119 1691 1128 1723; x_wconf 91' lang='lat'><strong>,</strong></span> <span class='ocrx_word' id='word_1_92' title='bbox 1143 1642 1226 1706; x_wconf 89' lang='lat' dir='ltr'><strong>Lae·</strong></span> 
     </span>
     <span class='ocr_line' id='line_1_15' title="bbox 245 1725 1226 1813; baseline 0 -23"><span class='ocrx_word' id='word_1_93' title='bbox 245 1725 362 1790; x_wconf 86' lang='lat' dir='ltr'><strong>vinum</strong></span> <span class='ocrx_word' id='word_1_94' title='bbox 388 1733 572 1810; x_wconf 79' lang='lat' dir='ltr'><strong>praetorem</strong></span> <span class='ocrx_word' id='word_1_95' title='bbox 596 1747 671 1790; x_wconf 91' lang='lat' dir='ltr'><strong>cum</strong></span> <span class='ocrx_word' id='word_1_96' title='bbox 692 1729 862 1792; x_wconf 85' lang='lat' dir='ltr'><strong>instructis</strong></span> <span class='ocrx_word' id='word_1_97' title='bbox 887 1727 1029 1794; x_wconf 84' lang='lat' dir='ltr'><strong>navibus</strong></span> <span class='ocrx_word' id='word_1_98' title='bbox 1053 1727 1095 1792; x_wconf 89' lang='lat' dir='ltr'><strong>ad</strong></span> <span class='ocrx_word' id='word_1_99' title='bbox 1118 1727 1226 1813; x_wconf 88' lang='lat' dir='ltr'><strong>prohi-</strong></span> 
     </span>
     <span class='ocr_line' id='line_1_16' title="bbox 245 1809 1225 1891; baseline 0 -15"><span class='ocrx_word' id='word_1_100' title='bbox 245 1809 392 1876; x_wconf 89' lang='lat' dir='ltr'><strong>bendum</strong></span> <span class='ocrx_word' id='word_1_101' title='bbox 413 1811 589 1875; x_wconf 80' lang='lat' dir='ltr'><strong>transitum</strong></span> <span class='ocrx_word' id='word_1_102' title='bbox 609 1813 754 1876; x_wconf 89' lang='lat' dir='ltr'><strong>mittunt.</strong></span> <span class='ocrx_word' id='word_1_103' title='bbox 792 1811 859 1891; x_wconf 75' lang='lat' dir='ltr'><strong>Qui</strong></span> <span class='ocrx_word' id='word_1_104' title='bbox 904 1835 984 1879; x_wconf 90' lang='lat' dir='ltr'><strong>uum</strong></span> <span class='ocrx_word' id='word_1_105' title='bbox 999 1813 1034 1874; x_wconf 90' lang='lat' dir='ltr'><strong>in</strong></span> <span class='ocrx_word' id='word_1_106' title='bbox 1050 1811 1225 1878; x_wconf 79' lang='lat' dir='ltr'><strong>Graeciam</strong></span> 
     </span>
     <span class='ocr_line' id='line_1_17' title="bbox 244 1835 1224 1984; baseline -0.002 -22"><span class='ocrx_word' id='word_1_107' title='bbox 244 1896 443 1982; x_wconf 87' lang='lat' dir='ltr'><strong>trajecisset,</strong></span> <span class='ocrx_word' id='word_1_108' title='bbox 465 1895 578 1960; x_wconf 84' lang='lat' dir='ltr'><strong>multis</strong></span> <span class='ocrx_word' id='word_1_109' title='bbox 598 1898 767 1980; x_wconf 87' lang='lat' dir='ltr'><strong>promissis</strong></span> <span class='ocrx_word' id='word_1_110' title='bbox 788 1835 929 1984; x_wconf 85' lang='lat' dir='ltr'><strong>impeiiit</strong></span> <span class='ocrx_word' id='word_1_111' title='bbox 943 1897 1078 1962; x_wconf 86' lang='lat' dir='ltr'><strong>Aetolos</strong></span> <span class='ocrx_word' id='word_1_112' title='bbox 1099 1896 1224 1963; x_wconf 88' lang='lat' dir='ltr'><strong>bellum</strong></span> 
     </span>
     <span class='ocr_line' id='line_1_18' title="bbox 245 1979 1226 2068; baseline 0.001 -23"><span class='ocrx_word' id='word_1_113' title='bbox 245 1980 405 2046; x_wconf 84' lang='lat' dir='ltr'><strong>adversus</strong></span> <span class='ocrx_word' id='word_1_114' title='bbox 433 1979 627 2064; x_wconf 87' lang='lat' dir='ltr'><strong>Philippum</strong></span> <span class='ocrx_word' id='word_1_115' title='bbox 659 1983 836 2068; x_wconf 85' lang='lat' dir='ltr'><strong>suscipere.</strong></span> <span class='ocrx_word' id='word_1_116' title='bbox 885 1981 1063 2066; x_wconf 85' lang='lat' dir='ltr'><strong>Philippus</strong></span> <span class='ocrx_word' id='word_1_117' title='bbox 1081 2003 1226 2068; x_wconf 79' lang='lat' dir='ltr'><strong>-quoque</strong></span> 
     </span>
    </p>

    <p class='ocr_par' dir='ltr' id='par_1_8' title="bbox 196 2064 1226 2322">
     <span class='ocr_line' id='line_1_19' title="bbox 196 2064 1226 2140; baseline -0.002 -9"><span class='ocrx_word' id='word_1_118' title='bbox 196 2064 396 2131; x_wconf 69' lang='lat' dir='ltr'><strong>machaeos</strong></span> <span class='ocrx_word' id='word_1_119' title='bbox 419 2067 461 2140; x_wconf 89' lang='lat' dir='ltr'><strong>in</strong></span> <span class='ocrx_word' id='word_1_120' title='bbox 476 2065 699 2132; x_wconf 88' lang='lat' dir='ltr'><strong>Romanorum</strong></span> <span class='ocrx_word' id='word_1_121' title='bbox 723 2067 812 2132; x_wconf 89' lang='lat' dir='ltr'><strong>bella</strong></span> <span class='ocrx_word' id='word_1_122' title='bbox 832 2067 996 2133; x_wconf 79' lang='lat' dir='ltr'><strong>sollicitat.</strong></span> <span class='ocrx_word' id='word_1_123' title='bbox 1040 2067 1174 2132; x_wconf 81' lang='lat' dir='ltr'><strong>interea</strong></span> <span class='ocrx_word' id='word_1_124' title='bbox 1194 2077 1226 2130; x_wconf 91' lang='lat' dir='ltr'><strong>et</strong></span> 
     </span>
     <span class='ocr_line' id='line_1_20' title="bbox 245 2149 1224 2236; baseline 0 -22"><span class='ocrx_word' id='word_1_125' title='bbox 245 2149 397 2214; x_wconf 87' lang='lat' dir='ltr'><strong>Dardani</strong></span> <span class='ocrx_word' id='word_1_126' title='bbox 415 2149 631 2214; x_wconf 85' lang='lat' dir='ltr'><strong>Macedoniae</strong></span> <span class='ocrx_word' id='word_1_127' title='bbox 652 2151 734 2218; x_wconf 90' lang='lat' dir='ltr'><strong>fines</strong></span> <span class='ocrx_word' id='word_1_128' title='bbox 757 2160 886 2216; x_wconf 87' lang='lat' dir='ltr'><strong>vastare</strong></span> <span class='ocrx_word' id='word_1_129' title='bbox 907 2162 1101 2236; x_wconf 88' lang='lat' dir='ltr'><strong>coeperunt,</strong></span> <span class='ocrx_word' id='word_1_130' title='bbox 1125 2150 1224 2216; x_wconf 90' lang='lat' dir='ltr'><strong>abdu-</strong></span> 
     </span>
     <span class='ocr_line' id='line_1_21' title="bbox 246 2233 1224 2322; baseline 0.003 -25"><span class='ocrx_word' id='word_1_131' title='bbox 246 2235 374 2320; x_wconf 89' lang='lat' dir='ltr'><strong>ctisque</strong></span> <span class='ocrx_word' id='word_1_132' title='bbox 388 2235 508 2318; x_wconf 86' lang='lat' dir='ltr'><strong>viginti</strong></span> <span class='ocrx_word' id='word_1_133' title='bbox 522 2233 669 2300; x_wconf 89' lang='lat' dir='ltr'><strong>millibus</strong></span> <span class='ocrx_word' id='word_1_134' title='bbox 686 2239 904 2320; x_wconf 81' lang='lat' dir='ltr'><strong>captivorum,</strong></span> <span class='ocrx_word' id='word_1_135' title='bbox 920 2237 1112 2322; x_wconf 88' lang='lat' dir='ltr'><strong>Philippum</strong></span> <span class='ocrx_word' id='word_1_136' title='bbox 1130 2237 1224 2300; x_wconf 77' lang='lat' dir='ltr'><strong>alio-</strong></span> 
     </span>
    </p>

    <p class='ocr_par' dir='ltr' id='par_1_9' title="bbox 196 2318 1224 2406">
     <span class='ocr_line' id='line_1_22' title="bbox 196 2318 1224 2406; baseline -0.003 -17"><span class='ocrx_word' id='word_1_137' title='bbox 196 2327 236 2388; x_wconf 84' lang='grc'><strong>18</strong></span> <span class='ocrx_word' id='word_1_138' title='bbox 247 2341 344 2396; x_wconf 78' lang='lat' dir='ltr'><strong>mano</strong></span> <span class='ocrx_word' id='word_1_139' title='bbox 359 2318 447 2384; x_wconf 91' lang='lat' dir='ltr'><strong>bello</strong></span> <span class='ocrx_word' id='word_1_140' title='bbox 464 2319 507 2384; x_wconf 89' lang='lat' dir='ltr'><strong>ad</strong></span> <span class='ocrx_word' id='word_1_141' title='bbox 522 2320 681 2386; x_wconf 90' lang='lat' dir='ltr'><strong>tuendum</strong></span> <span class='ocrx_word' id='word_1_142' title='bbox 696 2344 836 2406; x_wconf 88' lang='lat' dir='ltr'><strong>regnum</strong></span> <span class='ocrx_word' id='word_1_143' title='bbox 851 2331 1099 2388; x_wconf 85' lang='lat' dir='ltr'><strong>revocaverunt.</strong></span> <span class='ocrx_word' id='word_1_144' title='bbox 1133 2321 1224 2386; x_wconf 89' lang='lat' dir='ltr'><strong>Dum</strong></span> 
     </span>
    </p>

    <p class='ocr_par' dir='ltr' id='par_1_10' title="bbox 82 2404 1224 2662">
     <span class='ocr_line' id='line_1_23' title="bbox 82 2404 1223 2492; baseline 0 -22"><span class='ocrx_word' id='word_1_145' title='bbox 82 2407 87 2412; x_wconf 78' lang='grc'><strong>’</strong></span> <span class='ocrx_word' id='word_1_146' title='bbox 245 2404 329 2472; x_wconf 87' lang='lat' dir='ltr'><strong>haec</strong></span> <span class='ocrx_word' id='word_1_147' title='bbox 351 2414 511 2488; x_wconf 86' lang='lat' dir='ltr'><strong>aguntur,</strong></span> <span class='ocrx_word' id='word_1_148' title='bbox 525 2405 693 2470; x_wconf 90' lang='lat' dir='ltr'><strong>Laevinus</strong></span> <span class='ocrx_word' id='word_1_149' title='bbox 716 2416 864 2491; x_wconf 87' lang='lat' dir='ltr'><strong>praetor,</strong></span> <span class='ocrx_word' id='word_1_150' title='bbox 882 2408 1002 2492; x_wconf 86' lang='lat' dir='ltr'><strong>juncta</strong></span> <span class='ocrx_word' id='word_1_151' title='bbox 1021 2429 1097 2473; x_wconf 90' lang='lat' dir='ltr'><strong>oum</strong></span> <span class='ocrx_word' id='word_1_152' title='bbox 1113 2407 1223 2470; x_wconf 85' lang='lat' dir='ltr'><strong>Attalo</strong></span> 
     </span>
     <span class='ocr_line' id='line_1_24' title="bbox 245 2490 1224 2578; baseline 0.002 -24"><span class='ocrx_word' id='word_1_153' title='bbox 245 2513 324 2574; x_wconf 84' lang='lat' dir='ltr'><strong>rege</strong></span> <span class='ocrx_word' id='word_1_154' title='bbox 339 2491 503 2570; x_wconf 86' lang='lat' dir='ltr'><strong>societate,</strong></span> <span class='ocrx_word' id='word_1_155' title='bbox 521 2491 694 2558; x_wconf 83' lang='lat' dir='ltr'><strong>Graeciam</strong></span> <span class='ocrx_word' id='word_1_156' title='bbox 710 2491 898 2578; x_wconf 82' lang='lat' dir='ltr'><strong>populatur.</strong></span> <span class='ocrx_word' id='word_1_157' title='bbox 929 2491 1059 2572; x_wconf 76' lang='lat' dir='ltr'><strong>Quibus</strong></span> <span class='ocrx_word' id='word_1_158' title='bbox 1073 2490 1224 2576; x_wconf 79' lang='lat' dir='ltr'><strong>cladibus</strong></span> 
     </span>
     <span class='ocr_line' id='line_1_25' title="bbox 244 2575 1223 2662; baseline 0 -22"><span class='ocrx_word' id='word_1_159' title='bbox 244 2575 417 2660; x_wconf 78' lang='lat' dir='ltr'><strong>perculsae</strong></span> <span class='ocrx_word' id='word_1_160' title='bbox 433 2577 597 2657; x_wconf 83' lang='lat' dir='ltr'><strong>civitates,</strong></span> <span class='ocrx_word' id='word_1_161' title='bbox 618 2575 779 2642; x_wconf 87' lang='lat' dir='ltr'><strong>auxilium</strong></span> <span class='ocrx_word' id='word_1_162' title='bbox 796 2586 957 2662; x_wconf 87' lang='lat' dir='ltr'><strong>petentes,</strong></span> <span class='ocrx_word' id='word_1_163' title='bbox 972 2575 1167 2662; x_wconf 90' lang='lat' dir='ltr'><strong>Philippum</strong></span> <span class='ocrx_word' id='word_1_164' title='bbox 1182 2576 1223 2640; x_wconf 89' lang='lat' dir='ltr'><strong>le·</strong></span> 
     </span>
    </p>

    <p class='ocr_par' dir='ltr' id='par_1_11' title="bbox 207 2660 1223 2898">
     <span class='ocr_line' id='line_1_26' title="bbox 207 2660 1223 2747; baseline 0.005 -29"><span class='ocrx_word' id='word_1_165' title='bbox 207 2691 210 2718; x_wconf 80' lang='grc'>;</span> <span class='ocrx_word' id='word_1_166' title='bbox 245 2660 433 2745; x_wconf 84' lang='lat' dir='ltr'><strong>gationibus</strong></span> <span class='ocrx_word' id='word_1_167' title='bbox 449 2661 605 2745; x_wconf 71' lang='lat' dir='ltr'><strong>fatigant,</strong></span> <span class='ocrx_word' id='word_1_168' title='bbox 626 2683 769 2726; x_wconf 90' lang='lat' dir='ltr'><strong>necnon</strong></span> <span class='ocrx_word' id='word_1_169' title='bbox 786 2671 819 2726; x_wconf 88' lang='lat' dir='ltr'><strong>et</strong></span> <span class='ocrx_word' id='word_1_170' title='bbox 831 2661 1022 2747; x_wconf 85' lang='lat' dir='ltr'><strong>Illyriorum</strong></span> <span class='ocrx_word' id='word_1_171' title='bbox 1038 2684 1113 2742; x_wconf 85' lang='lat' dir='ltr'><strong>rex,</strong></span> <span class='ocrx_word' id='word_1_172' title='bbox 1129 2661 1223 2728; x_wconf 88' lang='lat' dir='ltr'><strong>lateri</strong></span> 
     </span>
     <span class='ocr_line' id='line_1_27' title="bbox 245 2743 1222 2898; baseline 0.002 -4"><span class='ocrx_word' id='word_1_173' title='bbox 245 2743 1222 2898; x_wconf 55' lang='lat' dir='ltr'><strong>§thtittt.ttlltltttllltttltltstalli</strong></span> 
     </span>
    </p>

    <p class='ocr_par' dir='ltr' id='par_1_12' title="bbox 194 2851 1222 3258">
     <span class='ocr_line' id='line_1_28' title="bbox 194 2851 1222 3016; baseline 0.001 -37"><span class='ocrx_word' id='word_1_174' title='bbox 194 2923 234 2982; x_wconf 88' lang='grc'><strong>19</strong></span> <span class='ocrx_word' id='word_1_175' title='bbox 246 2853 376 2995; x_wconf 76' lang='lat' dir='ltr'><strong>Quibus</strong></span> <span class='ocrx_word' id='word_1_176' title='bbox 392 2925 439 2980; x_wconf 89' lang='lat' dir='ltr'><strong>tot</strong></span> <span class='ocrx_word' id='word_1_177' title='bbox 452 2916 617 3016; x_wconf 76' lang='lat' dir='ltr'><strong>tantisque</strong></span> <span class='ocrx_word' id='word_1_178' title='bbox 639 2917 738 2984; x_wconf 88' lang='lat' dir='ltr'><strong>rebus</strong></span> <span class='ocrx_word' id='word_1_179' title='bbox 759 2917 924 2997; x_wconf 85' lang='lat' dir='ltr'><strong>obsessus,</strong></span> <span class='ocrx_word' id='word_1_180' title='bbox 947 2918 1002 2982; x_wconf 87' lang='lat' dir='ltr'><strong>cui</strong></span> <span class='ocrx_word' id='word_1_181' title='bbox 1016 2851 1222 3000; x_wconf 70' lang='lat' dir='ltr'><strong>reigprimum</strong></span> 
     </span>
     <span class='ocr_line' id='line_1_29' title="bbox 246 3000 1221 3086; baseline 0.002 -22"><span class='ocrx_word' id='word_1_182' title='bbox 246 3009 450 3080; x_wconf 68' lang='lat' dir='ltr'><strong>occurreret,</strong></span> <span class='ocrx_word' id='word_1_183' title='bbox 479 3000 684 3086; x_wconf 61' lang='lat' dir='ltr'><strong>ambigebam</strong></span> <span class='ocrx_word' id='word_1_184' title='bbox 716 3002 869 3071; x_wconf 88' lang='lat' dir='ltr'><strong>omnibus</strong></span> <span class='ocrx_word' id='word_1_185' title='bbox 895 3011 1005 3066; x_wconf 88' lang='lat' dir='ltr'><strong>tamen</strong></span> <span class='ocrx_word' id='word_1_186' title='bbox 1027 3001 1221 3086; x_wconf 63' lang='lat' dir='ltr'><strong>⁴propediem</strong></span> 
     </span>
     <span class='ocr_line' id='line_1_30' title="bbox 245 3085 1222 3173; baseline 0 -23"><span class='ocrx_word' id='word_1_187' title='bbox 245 3085 372 3150; x_wconf 78' lang='lat' dir='ltr'><strong>arixilia</strong></span> <span class='ocrx_word' id='word_1_188' title='bbox 386 3109 422 3150; x_wconf 86' lang='lat' dir='ltr'><strong>se</strong></span> <span class='ocrx_word' id='word_1_189' title='bbox 441 3086 620 3152; x_wconf 87' lang='lat' dir='ltr'><strong>missurum</strong></span> <span class='ocrx_word' id='word_1_190' title='bbox 635 3085 834 3173; x_wconf 76' lang='lat' dir='ltr'><strong>pollicetur,</strong></span> <span class='ocrx_word' id='word_1_191' title='bbox 847 3109 913 3152; x_wconf 89' lang='lat' dir='ltr'><strong>non</strong></span> <span class='ocrx_word' id='word_1_192' title='bbox 929 3088 1010 3172; x_wconf 87' lang='lat' dir='ltr'><strong>quia</strong></span> <span class='ocrx_word' id='word_1_193' title='bbox 1029 3087 1138 3153; x_wconf 85' lang='lat' dir='ltr'><strong>facere</strong></span> <span class='ocrx_word' id='word_1_194' title='bbox 1151 3108 1222 3170; x_wconf 86' lang='lat' dir='ltr'><strong>pos-</strong></span> 
     </span>
     <span class='ocr_line' id='line_1_31' title="bbox 244 3171 1222 3258; baseline 0.001 -23"><span class='ocrx_word' id='word_1_195' title='bbox 244 3181 303 3251; x_wconf 85' lang='lat' dir='ltr'><strong>set,</strong></span> <span class='ocrx_word' id='word_1_196' title='bbox 320 3190 404 3257; x_wconf 90' lang='lat' dir='ltr'><strong>quae</strong></span> <span class='ocrx_word' id='word_1_197' title='bbox 419 3171 640 3256; x_wconf 79' lang='lat' dir='ltr'><strong>promittebat,</strong></span> <span class='ocrx_word' id='word_1_198' title='bbox 657 3173 715 3238; x_wconf 84' lang='lat' dir='ltr'><strong>sed</strong></span> <span class='ocrx_word' id='word_1_199' title='bbox 730 3183 767 3239; x_wconf 91' lang='lat' dir='ltr'><strong>ut</strong></span> <span class='ocrx_word' id='word_1_200' title='bbox 778 3195 837 3258; x_wconf 85' lang='lat' dir='ltr'><strong>spe</strong></span> <span class='ocrx_word' id='word_1_201' title='bbox 848 3172 1000 3257; x_wconf 88' lang='lat' dir='ltr'><strong>impletos</strong></span> <span class='ocrx_word' id='word_1_202' title='bbox 1012 3173 1048 3235; x_wconf 91' lang='lat' dir='ltr'><strong>in</strong></span> <span class='ocrx_word' id='word_1_203' title='bbox 1058 3173 1222 3238; x_wconf 87' lang='lat' dir='ltr'><strong>societatis</strong></span> 
     </span>
    </p>

    <p class='ocr_par' dir='ltr' id='par_1_13' title="bbox 194 3256 1221 3342">
     <span class='ocr_line' id='line_1_32' title="bbox 194 3256 1221 3342; baseline 0 -22"><span class='ocrx_word' id='word_1_204' title='bbox 194 3256 316 3342; x_wconf 79' lang='lat' dir='ltr'><strong>20jure</strong></span> <span class='ocrx_word' id='word_1_205' title='bbox 335 3257 499 3322; x_wconf 83' lang='lat' dir='ltr'><strong>retineret.</strong></span> <span class='ocrx_word' id='word_1_206' title='bbox 543 3257 655 3322; x_wconf 91' lang='lat' dir='ltr'><strong>Prima</strong></span> <span class='ocrx_word' id='word_1_207' title='bbox 675 3266 792 3327; x_wconf 80' lang='lat' dir='ltr'><strong>tamen.</strong></span> <span class='ocrx_word' id='word_1_208' title='bbox 807 3257 858 3323; x_wconf 87' lang='lat' dir='ltr'><strong>illi</strong></span> <span class='ocrx_word' id='word_1_209' title='bbox 880 3257 1045 3342; x_wconf 83' lang='lat' dir='ltr'><strong>expeditio</strong></span> <span class='ocrx_word' id='word_1_210' title='bbox 1064 3256 1221 3320; x_wconf 87' lang='lat' dir='ltr'><strong>adversus</strong></span> 
     </span>
    </p>

    <p class='ocr_par' dir='ltr' id='par_1_14' title="bbox 199 3340 1221 3498">
     <span class='ocr_line' id='line_1_33' title="bbox 199 3340 1221 3430; baseline 0 -24"><span class='ocrx_word' id='word_1_211' title='bbox 199 3369 203 3406; x_wconf 89' lang='lat'><em>:</em></span> <span class='ocrx_word' id='word_1_212' title='bbox 242 3340 419 3406; x_wconf 85' lang='lat' dir='ltr'><strong>Dardanos</strong></span> <span class='ocrx_word' id='word_1_213' title='bbox 433 3341 504 3420; x_wconf 83' lang='lat' dir='ltr'><strong>fuit,</strong></span> <span class='ocrx_word' id='word_1_214' title='bbox 521 3342 579 3426; x_wconf 91' lang='lat' dir='ltr'><strong>qui</strong></span> <span class='ocrx_word' id='word_1_215' title='bbox 590 3341 773 3408; x_wconf 83' lang='lat' dir='ltr'><strong>absentiam</strong></span> <span class='ocrx_word' id='word_1_216' title='bbox 786 3343 856 3430; x_wconf 86' lang='lat' dir='ltr'><strong>ejus</strong></span> <span class='ocrx_word' id='word_1_217' title='bbox 872 3357 959 3408; x_wconf 85' lang='lat' dir='ltr'><strong>aucu¹</strong></span> <span class='ocrx_word' id='word_1_218' title='bbox 982 3349 1084 3420; x_wconf 86' lang='lat' dir='ltr'><strong>antes,</strong></span> <span class='ocrx_word' id='word_1_219' title='bbox 1100 3343 1221 3428; x_wconf 84' lang='lat' dir='ltr'><strong>majore</strong></span> 
     </span>
     <span class='ocr_line' id='line_1_34' title="bbox 242 3365 1221 3498; baseline -0.001 -9"><span class='ocrx_word' id='word_1_220' title='bbox 242 3424 325 3498; x_wconf 77' lang='lat' dir='ltr'><strong>belli</strong></span> <span class='ocrx_word' id='word_1_221' title='bbox 345 3424 432 3489; x_wconf 89' lang='lat' dir='ltr'><strong>mole</strong></span> <span class='ocrx_word' id='word_1_222' title='bbox 452 3424 666 3492; x_wconf 88' lang='lat' dir='ltr'><strong>Macedoniae</strong></span> <span class='ocrx_word' id='word_1_223' title='bbox 688 3427 914 3496; x_wconf 88' lang='lat' dir='ltr'><strong>imminebant.</strong></span> <span class='ocrx_word' id='word_1_224' title='bbox 958 3365 1045 3492; x_wconf 65' lang='lat' dir='ltr'><strong>Idum</strong></span> <span class='ocrx_word' id='word_1_225' title='bbox 1067 3426 1221 3492; x_wconf 87' lang='lat' dir='ltr'><strong>Romanis</strong></span> 
     </span>
    </p>

    <p class='ocr_par' dir='ltr' id='par_1_15' title="bbox 99 3510 1221 3596">
     <span class='ocr_line' id='line_1_35' title="bbox 99 3510 1221 3596; baseline 0 -20"><span class='ocrx_word' id='word_1_226' title='bbox 99 3515 174 3578; x_wconf 79' lang='lat'><strong>205.</strong></span> <span class='ocrx_word' id='word_1_227' title='bbox 243 3531 376 3596; x_wconf 91' lang='lat' dir='ltr'><strong>quoque</strong></span> <span class='ocrx_word' id='word_1_228' title='bbox 391 3525 506 3594; x_wconf 84' lang='lat' dir='ltr'><strong>paoem</strong></span> <span class='ocrx_word' id='word_1_229' title='bbox 528 3510 622 3592; x_wconf 88' lang='lat' dir='ltr'><strong>facit,</strong></span> <span class='ocrx_word' id='word_1_230' title='bbox 643 3515 804 3578; x_wconf 86' lang='lat' dir='ltr'><strong>contentis</strong></span> <span class='ocrx_word' id='word_1_231' title='bbox 823 3514 954 3579; x_wconf 85' lang='lat' dir='ltr'><strong>interim</strong></span> <span class='ocrx_word' id='word_1_232' title='bbox 977 3511 1103 3578; x_wconf 89' lang='lat' dir='ltr'><strong>bellum</strong></span> <span class='ocrx_word' id='word_1_233' title='bbox 1117 3511 1221 3578; x_wconf 82' lang='lat' dir='ltr'><strong>Mace</strong></span> 
     </span>
    </p>
   </div>
   <div class='ocr_carea' id='block_1_5' title="bbox 0 0 1344 4246">
    <p class='ocr_par' dir='ltr' id='par_1_16' title="bbox 0 0 1344 4246">
     <span class='ocr_line' id='line_1_36' title="bbox 0 0 1344 4246; baseline 0 1"><span class='ocrx_word' id='word_1_234' title='bbox 0 0 1344 4246; x_wconf 95' lang='lat' dir='ltr'><strong> </strong></span> 
     </span>
    </p>
   </div>
  </div>
 </body>
</html>
