2658 4244
275 289 314 350 32
553 293 693 348 JUSTINI
710 293 958 348 HISTORIARUM

275 466 394 510 uxores
409 445 607 530 legerentur,
623 467 690 511 non
706 447 876 532 pecuniae,
897 448 1110 535 severiusque
1125 470 1248 513 uxores

274 553 351 594 suas
372 532 435 596 viri
458 540 660 613 coercerent,
683 555 784 618 quum
806 533 907 597 nullis
930 532 1016 599 dotis
1035 534 1138 598 frenis
1158 544 1248 598 tene-

225 622 265 680 10
274 626 397 681 rentur.
425 617 607 682 Maximum
616 617 846 683 honoremnon
859 618 997 690 divitum
1010 627 1042 683 et
1052 621 1247 706 potentium,

274 701 332 767 sed
355 724 415 788 pro
439 702 545 787 gradu
567 703 682 768 aetatis
704 723 820 768 senum
841 725 913 769 esse
926 704 1041 769 voluit.
1080 705 1150 770 Nee
1165 727 1248 770 sane

274 811 414 875 usquam
425 797 586 854 terrarum
600 788 709 854 loeum
720 789 959 855 honoratiorem
973 799 1122 855 senectus
1134 789 1247 855 habet.

224 875 366 938 11Haee
389 874 544 960 quoniam
570 876 677 959 primo
703 874 786 939 dura
807 873 942 940 videbat
964 897 1051 958 esse,
1078 884 1246 951 auctorem
1317 905 1318 912 ¹

274 981 388 1023 eorum
403 959 593 1045 Apollinem
607 960 809 1047 Delphicum
824 962 934 1046 fingit,
954 970 987 1047 et
1005 961 1083 1026 inde
1095 983 1134 1030 ¹se
1150 983 1190 1025 ea
1204 983 1247 1026 ex

274 1053 448 1130 praecepto
463 1047 609 1110 numinis
624 1045 791 1126 detulisse,
804 1056 840 1111 ut
852 1046 1088 1112 consuescendi
1099 1046 1247 1111 taedium
1282 1115 1288 1122 ,

223 1137 379 1196 ramerus
390 1130 560 1216 religionis
571 1133 692 1196 vineat.
721 1133 820 1213 Dein,
832 1142 869 1196 ut
880 1134 1103 1197 aeternitatem
1115 1131 1247 1218 legibus

274 1218 342 1280 suis
356 1217 458 1298 daret,
468 1217 685 1304 jurejurando
698 1217 824 1303 obligat
834 1219 933 1300 cives,
948 1218 1032 1284 nihil
1045 1239 1100 1282 eos
1117 1217 1157 1281 de
1173 1220 1246 1282 e'us

273 1301 404 1387 legibus
414 1311 606 1388 mutaturos,
618 1303 710 1387 prius
719 1327 818 1390 quam
826 1313 1052 1385 reverteretur,
1062 1241 1247 1384 etsimulat,

273 1387 742 1474 seadoraculumDelphieum
773 1388 1155 1471 rofioisoieonsulturum,
1165 1388 1249 1476 quid

273 1472 403 1558 legibus
424 1472 611 1539 addendum
627 1413 887 1560 mutandumque
900 1475 1077 1541 videretur.
1113 1474 1248 1539 Profici-

273 1561 376 1625 seitur
410 1567 524 1622 autem¹
543 1558 688 1638 Cretam,
721 1560 836 1645 ibique
867 1570 1062 1648 perpetuum
1092 1561 1248 1625 exsilium
1319 1639 1320 1642 Ἴ

274 1646 350 1730 egit,
375 1644 539 1730 ab’ioique
559 1645 595 1709 in
618 1667 707 1708 mare
730 1649 812 1709 ossa
828 1667 889 1710 sua
910 1647 1053 1711 moriens
1070 1646 1180 1733 jussit,
1205 1667 1247 1710 ne

272 1731 383 1796 relatis
403 1667 686 1797 liaeedaemonem
709 1730 832 1796 solutos
855 1753 890 1797 se
911 1730 1065 1820 Spartani
1086 1729 1248 1818 religione

266 1816 488 1906 jurisjurandi
503 1816 750 1883 arbitrarentur.

453 2053 571 2110 Bellum
589 2069 655 2111 enm
671 1972 845 2125 diabiedllm
862 2055 1058 2111 Partheniae.

25 2233 30 2244 .
221 2167 261 2225 13
336 2157 398 2222 His
414 2158 516 2242 igitur
530 2157 677 2223 moribus
693 2159 739 2224 ita
751 2157 848 2242 ,brevi
863 2160 979 2224 civitas
995 2158 1177 2240 convaluit,
1197 2167 1245 2240 ut,

136 2251 208 2311 743.
274 2267 377 2332 quum
392 2243 564 2310 Messeniis
579 2242 704 2308 bellum
719 2244 916 2326 intulissent,
932 2244 1127 2330 gravissima
1142 2267 1177 2308 se
1192 2267 1247 2308 ex-

274 2330 456 2395 secratione
472 2329 722 2412 obstrinxerint,
749 2353 815 2395 non
836 2331 928 2417 prius
945 2352 1043 2416 quam
1058 2330 1246 2394 Messenam
1321 2325 1322 2342 ¹

274 2424 531 2504 expugnassent,
552 2438 586 2479 se
602 2436 801 2498 reversuros,
821 2424 949 2496 tantum
969 2415 1033 2480 sibi
1047 2414 1102 2481 vel.
1115 2415 1157 2479 de
1171 2417 1248 2480 viri·

272 2503 334 2568 bus
355 2503 438 2584 suis',
463 2499 524 2565 vel
541 2500 581 2565 de
603 2501 735 2566 fortuna
757 2501 965 2587 spondentes.
1003 2501 1096 2582 Quae
1119 2523 1171 2565 res
1187 2503 1247 2565 ini-

272 2591 354 2653 tium
371 2586 586 2663 dissensionis
604 2586 763 2653 Graeciae
785 2596 817 2652 et
837 2588 986 2652 intestini
1004 2586 1085 2652 belli
1100 2607 1202 2650 eausa
1217 2596 1249 2650 et

273 2675 364 2759 origo
379 2673 449 2738 fuit.
487 2672 599 2752 Quum
614 2693 692 2738 vero
708 2681 821 2738 eontra
836 2674 1136 2760 praesumptionem
1152 2695 1247 2737 suam

272 2761 367 2826 annis
384 2758 496 2823 deeem
510 2760 545 2822 in
562 2757 732 2824 obsidione
747 2757 838 2823 urbis
853 2767 1051 2839 tenerentur,
1068 2780 1140 2822 eam
1155 2758 1248 2822 deni-

271 2868 346 2933 que,
383 2844 569 2910 uiavirtute
577 2867 644 2909 non
656 2853 816 2930 poterant,
828 2843 1032 2930 perinsidias
1041 2854 1246 2929 expugnant.

220 2940 260 2998 14
335 2868 516 3017 Aliquanto
538 2939 614 3018 post
628 2931 770 3016 juvenes
785 2930 958 3012 Laconici,
981 2929 1100 3023 quibus
1124 2951 1245 2993 nomen

273 3015 508 3098 ‚,Partheniae“
518 3015 590 3095 fuit,
606 3015 663 3082 diu
678 3039 738 3102 per
748 3017 856 3079 varios
870 3037 964 3080 casus
971 3016 1096 3101 jactati,
1111 3015 1245 3078 tandem

270 3107 305 3170 in
320 3104 450 3169 Italiam
467 3102 660 3167 deferuntur
675 3111 707 3166 et
722 3111 880 3186 oeeupata
900 3123 975 3165 aree
990 3101 1245 3165 Tarentinorum

271 3189 485 3276 expulsisque
505 3187 672 3254 veteribus
692 3185 820 3269 ineolis,
848 3186 943 3252 sedes
965 3185 1013 3250 ibi
1031 3187 1245 3262 constituunt.

220 3285 260 3344 15
270 3275 408 3362 Aliquot
422 3283 497 3358 post
510 3296 614 3348 annos
630 3273 700 3338 dux
715 3295 827 3337 eorum
841 3272 1025 3337 Phalantus
1041 3294 1100 3358 per
1114 3270 1245 3335 seditio-

269 3363 393 3425 nemin
406 3360 559 3440 exsilium
572 3359 792 3446 proturbatus,
808 3358 1035 3424 Brundusium
1046 3379 1085 3422 se
1096 3356 1247 3440 eontulit,

271 3463 337 3534 quo
349 3457 476 3511 veteres
488 3445 659 3512 Tarentini
671 3454 910 3510 concesserant.
939 3445 1001 3510 His
1014 3445 1157 3518 moriens
1172 3463 1247 3528 per-

271 3532 397 3614 suadet,
420 3544 453 3598 αἱ
475 3554 548 3598 ossa
569 3554 628 3598 ruo
650 3545 821 3611 conterant,
846 3547 875 3598 et
889 3541 983 3598 tacite
996 3539 1109 3612 sparpi
1123 3538 1154 3595 in
1167 3537 1247 3610 soro
