2678 4246
478 357 586 408 LIBER
603 357 711 410 XXXV.
1043 354 1080 414 79

98 508 230 574 cecidit.
280 507 335 572 Ad
357 515 559 591 postremum
582 515 694 572 tamen
716 509 840 572 invicto
865 509 975 574 animo
996 509 1083 574 inter

99 594 355 660 confertissimos
370 591 547 656 fortissime
563 591 725 658 dimicans
740 592 869 662 cecidit.

97 829 269 884 Alexander
280 844 299 884 a
310 827 464 884 Demetrio
477 747 758 898 Nlccairldreniiroelio
770 827 871 890 rictus¹
885 829 1081 886 interficitur.

161 931 262 994 Initio
283 929 363 994 belli
378 929 567 994 Demetrius
590 929 673 996 duos
695 929 785 996 filios·
803 930 892 1017 apud
908 929 1080 1012 Gnidiam,
1092 941 1132 1001 15

96 1017 262 1100 hospitem
278 1037 385 1096 suum,
402 1036 478 1078 eum
493 1035 615 1100 magno
627 1016 701 1080 auri
715 1016 861 1103 pondere
874 1016 1081 1082 commenda·

93 1109 206 1182 verat,
229 1109 266 1168 ut
287 1099 369 1166 belli
390 1099 547 1184 periculis
570 1101 810 1183 eximerentur,
834 1111 881 1180 et,
905 1103 933 1166 si
954 1103 1001 1169 ita
1016 1102 1082 1167 fors

94 1186 244 1264 tulisset,
266 1194 424 1271 paternae
443 1184 562 1250 ultioni
583 1195 803 1255 servarentur.
841 1187 896 1254 Ex
910 1186 962 1253 hie
977 1189 1083 1274 maj0r

94 1272 304 1351 Demetrius,
316 1291 420 1337 annos
435 1270 618 1356 pubertatis
633 1293 795 1356 egressus,
812 1272 925 1338 audita
937 1271 1082 1338 Alexan-

95 1357 150 1422 dri
164 1357 310 1437 luxuria,
327 1378 425 1443 quem
440 1357 626 1440 insperatae
639 1366 762 1442 opcs'et
773 1356 901 1426 alienae
916 1357 1083 1424 felicitatis

96 1451 309 1523 ornamenta,
324 1441 418 1506 velut
431 1451 578 1528 captum,
596 1441 743 1507 desidem
757 1444 792 1508 in
808 1445 900 1528 regia
915 1444 1081 1525 tenebant,

96 1526 339 1598 auxiliantibus
362 1525 595 1608 Cretensibus,
623 1549 775 1592 securum
797 1549 837 1592 ac
857 1525 943 1592 nihil
963 1527 1083 1594 hostile

95 1621 299 1678 metuentem
325 1611 526 1697 aggreditur.
575 1613 817 1678 Antiochenses
845 1627 999 1700 quoque,
1029 1635 1082 1678 ve·
1092 1623 1132 1681 16

95 1707 201 1762 terem
227 1697 329 1782 patris
356 1697 514 1762 offensam
541 1699 637 1762 novis
666 1699 791 1764 meritis
816 1701 1016 1779 correcturi,
1047 1721 1082 1764 se

96 1785 128 1848 ei
155 1782 311 1866 tradunt3
341 1781 400 1846 sed
427 1792 459 1848 et
483 1782 604 1848 milites
633 1784 782 1868 paterni,
812 1784 925 1848 favore
945 1784 1081 1870 juvenis

95 1869 249 1949 accensi,
282 1868 401 1954 prioris
432 1869 628 1942 sacramenti
661 1867 856 1954 religionem
886 1869 965 1934 novi
994 1871 1083 1954 regis

18 1995 25 2008 -
96 1952 273 2041 superbiae
288 1953 541 2039 praeferentes,
568 1954 664 2038 sigua
679 1954 728 2018 ad
750 1954 961 2021 Demetrium
979 1962 1083 2020 trans·

95 2040 228 2122 ferunt3
264 2047 363 2126 atque
396 2039 444 2107 ita
471 2038 665 2104 Alexander
699 2061 767 2104 non
800 2040 922 2106 minori
956 2040 1083 2126 impetn

95 2125 250 2190 fortunae
282 2123 466 2190 destructus
478 2171 489 2206 ,
547 2146 624 2192 unm
655 2123 783 2208 elatus,
815 2125 921 2212 primo
956 2124 1083 2210 proelio

96 2211 206 2276 victus
240 2209 456 2290 interficitur,
492 2147 649 2295 dabitque
682 2231 806 2296 poenas
842 2219 884 2276 et·
901 2210 1091 2291 Demetrio,

95 2293 404 2445 {iueffffi‘iiiidmt'
431 2304 465 2360 et
483 2293 668 2376 Antiocho,
691 2297 787 2386 cujus
809 2296 970 2382 originem
993 2317 1083 2424 rnen·

522 2465 598 2518 cnr.
621 2467 654 2518 v.
727 2441 750 2449 ”

131 2549 304 2606 Demetrius
322 2563 341 2604 a
358 2547 481 2605 Parthis
505 2554 548 2604 ee'
561 2548 636 2604 rtur.
671 2549 782 2606 Frater
799 2548 865 2620 eJns
883 2549 1048 2606 Antiochus

387 2631 515 2684 reguum
553 2617 638 2688 mse
656 2619 794 2686 occupat.

161 2719 368 2804 Recuperato
392 2728 531 2806 paterno
558 2741 684 2805 regno,
712 2719 922 2800 Demetrius,
954 2727 987 2786 et
1010 2720 1082 2806 ipse
1092 2729 1133 2787 17

96 2825 209 2868 rernm
242 2825 396 2870 successu
429 2805 746 2892 cenapum-,vitiis
776 2803 1018 2872 adolescentiae
1046 2805 1082 2872 in

98 2889 274 2974 segnitiam
299 2888 440 2972 labitur,
465 2899 662 2977 tantumque
687 2889 783 2977 apud.
804 2903 918 2958 omne's
941 2900 1084 2958 contem·

120 2985 191 3042 tum
217 2975 375 3056 inertiae,
405 2983 567 3062 qnantum
592 2973 706 3042 odium
724 2987 777 3042 'ex
805 2976 962 3078 superbia
990 2984 1085 3063 pater

96 2997 276 3142 habuerat,
299 3061 474 3128 contraxit.
502 3061 635 3147 ,ltaque
648 3083 763 3212 ,prum
783 3061 826 3128 ab
848 3061 988 3147 imperio
1012 3061 1084 3162 ejus

97 3146 223 3232 passim
245 3146 395 3212 civitates
416 3145 612 3228 defluerent,
636 3169 658 3212 a
684 3145 900 3212 ¹abolendum
923 3146 1083 3231 segnitiae
1111 3163 1113 3169 '

97 3231 265 3298 maculam
277 3229 403 3298 bellum
418 3231 550 3298 Parthis
564 3232 686 3299 inferre
706 3233 836 3300 statuit·
862 3231 946 3318 ujus
961 3230 1083 3299 adven·
1092 3239 1133 3299 18

98 3326 168 3382 tum
194 3333 263 3382 non
285 3317 383 3382 inviti
404 3316 550 3384 Orientis
568 3317 696 3406 ¹populi
716 3316 874 3384 viderunt
896 3325 930 3382 et
949 3324 1085 3404 propter

97 3401 299 3486 Arsacidae,
322 3401 413 3488 regis
433 3401 647 3487 Parthorum,
667 3401 903 3491 ¹crudelitatem
927 3413 969 3468 et·
982 3400 1083 3554 puori,

95 3488 201 3554 veteri
221 3487 443 3556 Macedonum
464 3489 607 3574 imperio
628 3488 1009 3576 assueti,vnovi'popur
1031 3509 1083 3554 su·

97 3573 248 3660 perbiam
262 3573 401 3660 indigne
415 3573 574 3650 ferebant.
607 3575 735 3664 Itaque
741 3595 846 3662 quum
858 3582 893 3640 et
906 3574 1084 3642 Persarum
