2658 4244
503 320 614 372 umus
630 323 678 374 VI.
1040 323 1078 384 33

102 474 339 535 Tarentinorum
372 483 489 534 cureat.
546 477 617 536 Hoc
649 480 730 539 enim
762 481 854 540 modo
887 497 1080 556 recuperare

97 561 170 619 illos
199 563 338 634 patriam
371 577 459 619 suem
485 578 600 636 posse,
634 566 808 637 Apollinem
836 565 965 639 nepte
990 570 1077 628 ceci-

95 647 191 705 nisse.
237 638 293 703 Illi
307 640 519 721 arbitrantes,
541 663 617 706 eum
639 643 675 706 in
697 643 856 709 ultionem
878 645 929 710 sui
943 643 1078 710 Parthe-

93 726 228 788 niarum
243 724 311 788 fata
325 723 525 810 prodidisse,
546 729 731 812 praeceptis
746 751 896 814 paruere.
925 728 993 794 Sed
1007 743 1128 800 ore-16

93 810 163 874 culi
193 809 327 873 diversa
355 811 520 875 sententia
545 812 670 895 iuerat,
708 815 962 900 perpetuitatem
987 816 1099 880 enim*

94 895 200 975 urbis,
213 915 280 959 non
292 896 502 960 amissionem
516 896 579 961 hoc
590 899 676 962 faute
687 901 892 982 promiserat
919 901 971 966 Ita
983 900 1076 966 ducis

92 979 222 1044 exsulis
233 980 372 1045 consilio
385 989 418 1045 et
430 981 574 1046 hostium
584 983 768 1050 ministerio
779 986 943 1070 possessio
954 985 1076 1052 Teren·

91 1067 166 1130 tina
179 1065 368 1130 Partheniis
389 1067 424 1130 in
445 1074 615 1132 aeternum
631 1067 786 1152 fundata3
810 1071 851 1134 ob
868 1073 962 1158 cujus
976 1070 1075 1135 bene-

92 1151 162 1214 ficii
177 1151 371 1216 memoriam
387 1151 550 1216 Phalanto
574 1153 704 1218 divinos
725 1153 866 1220 honores
889 1155 1074 1220 decrevere.

145 1387 289 1444 lensech
306 1387 420 1446 bellum
437 1307 665 1448 lustsdiiritlic
683 1391 803 1448 tandem
821 1392 1016 1462 superentur.

154 1491 324 1573 Messenii,
346 1513 450 1578 quum
464 1513 526 1576 per
540 1515 644 1558 annos
657 1495 826 1580 octoginta
841 1497 957 1580 gravia
972 1496 1073 1560 servi-
1085 1505 1124 1560 17

85 1577 169 1641 tutis
185 1575 342 1658 verbera,
362 1577 560 1665 plerumque
575 1587 608 1642 et
621 1579 757 1644 vincula
776 1589 950 1666 ceteraque
971 1581 1072 1666 capti-

86 1664 203 1726 vitatis
217 1661 308 1726 mala
322 1663 471 1748 perpessi
486 1671 610 1744 essent,
634 1675 710 1748 post
728 1664 863 1748 longam
887 1687 1071 1751 poenarum

86 1749 285 1835 patientiam
299 1747 427 1812 bellum
440 1748 637 1812 instaurant.
667 1749 923 1814 Lacedaemonii
934 1771 1071 1835 quoque
1135 1771 1162 1816 c.
1173 1756 1246 1814 660.

87 1856 126 1897 eo
140 1833 284 1898 alacrius
296 1831 340 1896 ad
354 1853 446 1896 arma
461 1842 673 1915 concurrunt,
689 1833 778 1920 quod
789 1834 1071 1898 adversusservos

87 1917 278 1982 dimicaturi
299 1915 507 1982 videbantur.
551 1919 670 2006 Itaque
696 1941 799 2005 quum
829 1918 909 1982 hinc
937 1919 1070 2004 injuria,
1083 1925 1121 1983 18

84 2003 166 2068 inde
192 2002 375 2087 indignitas
401 2003 529 2068 animos
555 2012 703 2084 acueret,
728 2002 1001 2083 Lacedaemonii,
1019 2003 1070 2070 de

85 2087 169 2152 belli
181 2097 303 2153 eventu
315 2086 448 2154 oraculo
459 2087 599 2176 Delphis
612 2088 773 2170 consulto,
783 2085 943 2176 jubentur
952 2089 1070 2157 ducem

85 2173 167 2238 belli
194 2173 237 2236 ab
263 2172 526 2238 Atheniensibus·
550 2183 672 2257 petere.
707 2174 809 2238 Porro
834 2173 1069 2256 Athenienses,

88 2279 193 2345 quum
208 2277 408 2407 responsum
423 2259 666 2343 cognovissent,
682 2260 718 2322 in
731 2267 957 2410 contemppum
969 2258 1071 2344 Sper-

85 2355 241 2407 tanornm
270 2351 441 2428 -yntaeum
465 2352 610 2428 pettam,
633 2343 791 2409 claudum
811 2367 854 2430 pe
904 2392 913 2427 ,
939 2345 1068 2412 misere.

82 2428 358 2509 Lacedaemonii,
379 2427 485 2493 trihus
499 2430 634 2516 proeliis
649 2428 725 2508 fusi,
740 2451 780 2494 eo
795 2451 902 2517 usque
918 2428 1070 2516 despera·
1080 2435 1119 2492 19

83 2515 186 2578 tionis
206 2512 342 2600 adducti
364 2522 474 2594 erant,
498 2523 535 2576 ut
555 2513 600 2578 ad
620 2515 888 2601 supplementum
904 2514 1068 2580 exercitus

84 2621 199 2664 servos
215 2619 294 2663 suos
309 2599 592 2679 manumitterent,
607 2598 727 2685 hisque
740 2600 987 2665 interfectorum
1000 2619 1069 2662 ma

82 2686 241 2750 trimonia
260 2682 512 2768 pollicerentur,
535 2694 573 2748 nt
589 2706 658 2749 non
672 2707 811 2749 numero
826 2693 956 2750 tantum
970 2685 1069 2748 emis·

84 2791 199 2834 sorum
221 2769 363 2851 civium,
388 2768 450 2833 sed
468 2778 502 2833 et
517 2769 669 2855 dignitati
685 2770 910 2836 succederent.
940 2769 1067 2836 Tamen
1078 2775 1119 2832 20

82 2877 182 2938 reges
195 2853 550 2935 Lacedaemoniorum,
572 2877 616 2918 ne
635 2856 762 2942 majora
776 2855 1067 2920 detrimenta-ciui·

83 2941 144 3005 tati
159 2939 366 3024 infligerent,
383 2939 541 3005 reducere
552 2941 739 3004 exercitum
753 2939 948 3021 voluerunt,
968 2941 1005 3003 ni
1019 2941 1067 3002 in·

81 3026 283 3090 tervanisset
293 3025 466 3111 Tyrtaeus,
483 3026 541 3112 qui
553 3027 736 3109 composita
747 3027 895 3090 carmina
906 3024 1067 3090 exercitui

83 3133 145 3198 pro
162 3111 321 3176 concione
336 3111 495 3191 recitavit,
510 3111 547 3174 in
562 3110 685 3196 quibus
700 3110 909 3176 hortamenta
924 3109 1065 3188 uirtutis,

84 3199 281 3262 damnorum
291 3196 418 3279 solatia,
429 3194 510 3260 belli
523 3193 661 3259 consilia
672 3196 923 3279 conscripserat.
948 3193 1114 3278 Itaque21

82 3293 213 3348 tantum
233 3283 384 3348 ardorem
406 3281 568 3347 militibus
582 3281 711 3367 injecit,
734 3289 786 3361 ut,
808 3300 875 3344 non
892 3277 933 3342 de
948 3277 1064 3360 salute,

82 3369 141 3434 sed
164 3369 205 3433 de
227 3367 399 3453 sepultura
419 3366 567 3446 solliciti,
589 3376 741 3448 tesseres,
756 3362 930 3450 insculptis
947 3363 1015 3426 suis
1032 3372 1066 3428 et

81 3465 214 3542 patrum
228 3452 420 3517 nominibus
428 3501 437 3534 ,
462 3452 578 3517 dextro
593 3451 730 3516 brachio
744 3449 949 3534 deligerent,
965 3457 1018 3530 ut,
1035 3450 1064 3513 si

82 3563 198 3607 omnes
210 3540 387 3606 adversum
399 3537 563 3624 proelium
574 3537 842 3623 consumpsisset,
859 3544 891 3602 et
906 3534 1063 3619 temporis

376 3639 381 3646 ’
892 3640 907 3688 3
