2614 4262
198 341 245 410 12,
489 349 629 399 Jusrmr
647 347 894 400 nrsrosmnum

198 521 266 563 esse
280 509 441 564 uetustatis
457 512 677 579 oruamentum,
700 499 874 584 putabant3
900 509 1016 582 quippe
1030 514 1174 568 naturam

190 599 254 662 pro
277 593 439 664 reqionum
463 592 608 650 condicio
628 594 770 650 aestatim
790 598 820 650 et
834 593 980 651 arborum
996 599 1089 668 atque
1101 595 1174 667 sru-

196 691 268 748 eum
281 691 398 748 eenera
414 683 444 733 et
459 677 609 736 animalia
626 692 748 750 quoque
759 682 831 750 apte
840 694 1020 756 perorasse.
1051 681 1174 748 Quanto

99 783 103 790 ¹
157 796 158 806 κ
198 762 294 836 initur
315 761 441 834 Seuthis
468 764 587 823 caelum
613 769 694 820 esset
722 765 864 835 asperius
887 779 979 836 quam
1000 766 1173 839 Aeeyptim,

169 848 281 905 5tanto
306 853 336 904 et
357 863 494 920 corpora
517 854 547 904 et
568 848 696 920 ineenia
719 849 851 908 duriora
874 865 974 918 esse,
992 848 1127 909 Ceterum
1145 853 1176 910 si

197 933 280 1004 ienis
306 933 477 1004 eenuiseet·
493 933 650 1005 muudum,
680 935 794 998 nullam
815 937 911 1006 prius
937 949 1029 1007 queem
1051 941 1174 1008 septen·
1211 967 1212 973 κ

197 1017 357 1074 trionolem
373 1025 497 1089 partem
519 1018 630 1076 hiemis
652 1019 761 1091 rmore
782 1019 822 1076 ab
846 1022 918 1090 tene
932 1025 1103 1092 secretam·
1124 1023 1174 1083 sin

198 1117 295 1174 aqua,
319 1103 466 1174 profecto
495 1104 696 1162 editissimam
724 1120 877 1178 quamque
894 1113 1021 1176 purtem
1037 1108 1174 1178 primum

90 1223 94 1230 -
198 1202 237 1243 ex
260 1187 363 1244 illuvie
385 1203 549 1260 emersam,
572 1188 772 1246 humillimam
795 1196 895 1266 uatem
921 1190 1093 1256 diutissime
1112 1193 1173 1266 siu-

169 1271 297 1330 6ctibus
331 1280 450 1329 tectorii.
500 1267 661 1348 [illiusque
686 1275 861 1346 primordii
889 1277 1013 1347 oriee'ne
1039 1275 1175 1350 Scythas

197 1357 338 1414 omnibus
358 1363 531 1430 praestare
557 1359 747 1417 nationibus.
792 1361 869 1417 Nam
897 1365 927 1418 ct
947 1376 1030 1418 nunc
1052 1377 1175 1434 quoque

197 1441 357 1516 Scythiam
379 1446 485 1514 ripere
501 1443 690 1516 frieoribue,
714 1450 745 1502 et
759 1445 838 1504 adeo
856 1447 1017 1504 editiorem
1028 1446 1174 1518 ,omnibus

197 1529 290 1585 terris
319 1543 401 1599 esse,
433 1537 465 1585 ut
487 1523 604 1587 'cuncta
627 1531 758 1610 fiumina
785 1529 830 1590 ibi
855 1537 932 1588 nata
962 1532 992 1588 in
1016 1530 1172 1602 Maeotim,

103 1647 107 1652 -
183 1612 310 1671 deinde
333 1615 364 1670 in
388 1613 557 1683 Ponticam,
576 1619 733 1691 postremo
758 1617 790 1674 in
813 1617 996 1690 Aeeyptium
1017 1631 1104 1674 utere
1119 1615 1172 1674 de-

197 1705 380 1768 currerent,·
402 1699 573 1772 Aepyptum
595 1713 669 1757 uero
692 1701 784 1758 etiam
807 1715 894 1758 nunc
912 1703 1046 1759 torrenti
1067 1701 1176 1759 calore

195 1783 273 1842 solis
288 1789 484 1856 exaestuare,
502 1792 531 1844 et
545 1785 696 1843 aduersus
711 1787 769 1844 aim
786 1787 1005 1844 incurrentium
1022 1801 1174 1859 aquarum

196 1871 291 1928 tantis
316 1875 465 1928 structam
488 1870 632 1944 molibus,
659 1877 705 1930 tot
722 1871 823 1944 fassis
845 1873 1006 1930 concisam
1029 1887 1112 1944 esse,
1142 1879 1176 1930 ut

197 1955 261 2012 nisi
287 1956 413 2013 excluso
437 1955 506 2014 Nilo
537 1957 599 2014 eati
626 1972 688 2015 non
703 1963 823 2029 posset.
869 1950 931 2014 His
954 1950 1174 2034 igitur'nrgu-

195 2033 315 2178 rrlpentis
330 2033 504 2118 Aegyptiis
527 2035 702 2120 superatis,
724 2037 925 2121 antiquiores
948 2056 1077 2120 semper
1090 2033 1173 2120 Sey-

196 2125 209 2178 t
234 2139 272 2180 ae
289 2117 454 2180 visisunt.
640 2139 645 2150 ¹

620 2273 696 2324 OAP.
715 2275 750 2324 II.

487 2355 531 2409 lte
548 2356 726 2424 Scytharum
744 2355 888 2413 moribus.

168 2467 185 2524 7
260 2457 397 2543 Scythia
411 2468 520 2522 autem
535 2459 569 2521 in
587 2460 744 2522 orientem
761 2469 911 2545 porrecta
930 2458 1111 2524 includitur
1131 2459 1173 2525 ab

196 2566 262 2608 uno
282 2543 383 2608 latere
406 2543 509 2608 Ponte
532 2553 564 2607 et
584 2545 625 2608 ab
649 2544 751 2608 altero
773 2545 940 2626 montibus
955 2543 1127 2628 Rhipaeis,
1155 2567 1175 2612 a

196 2639 288 2713 tergo
305 2630 385 2692 Asia
401 2639 433 2692 et
446 2629 547 2694 Phasi
562 2627 709 2694 flumine.
731 2630 872 2694 Multum
884 2631 920 2693 in
931 2629 1172 2713 longitudinem

167 2722 229 2780 Set
243 2714 450 2778 latitudinem
465 2724 563 2799 patet.
601 2715 801 2780 Hominibus
824 2718 910 2780 inter
923 2738 960 2779 se
975 2716 1061 2779 nulli
1075 2715 1172 2798 fines3

196 2821 305 2886 neque
321 2801 408 2863 enim
425 2821 541 2884 agrum
558 2811 721 2880 exercent,
742 2823 804 2868 nee
820 2800 936 2865 domus
952 2800 1018 2865 illis
1033 2800 1102 2866 ulle
1117 2809 1175 2864 aut

196 2895 318 2950 tectum
342 2895 399 2949 aut
421 2886 515 2950 sedes
532 2897 593 2966 est,
616 2895 765 2950 armenta
784 2896 819 2950 et
835 2907 956 2972 peoora
973 2907 1102 2972 semper
1118 2908 1174 2970 pa·

197 2969 363 3035 scentibns
394 2980 426 3034 et
452 2993 512 3057 per
533 2970 674 3038 incultas
697 2971 890 3036 solitudines
920 2993 1029 3036 errare
1058 2970 1172 3036 solitis.

195 3057 325 3124 Uxores
341 3055 460 3120 liberos
485 3079 526 3120 ue
541 3079 653 3124 seeum
668 3058 703 3122 in
718 3056 874 3142 plaustris
888 3057 1024 3136 vehunt,
1041 3055 1173 3142 quibus,

196 3143 293 3206 coriis
309 3141 464 3208 imbrium
504 3143 664 3230 iemisque
685 3164 785 3206 eausa
805 3143 915 3222 tectis,
937 3162 997 3227 pro
1022 3140 1173 3206 domibus

168 3233 343 3291 9utnntur.
381 3227 516 3292 Justitia
561 3230 645 3292 entis
662 3229 805 3312 ingeniis
821 3226 927 3309 culte,
949 3241 1017 3292 non
1032 3225 1173 3310 legibus.

126 3390 129 3395 ¹
196 3311 334 3376 Nullum
350 3312 456 3378 scelus
473 3251 562 3400 apud
576 3335 632 3378 eos
653 3313 739 3378 furto
760 3314 895 3398 gravius
917 3323 979 3396 est3
1002 3334 1079 3376 nam
1102 3312 1173 3376 sine

195 3399 274 3462 tecti
294 3401 497 3464 munimento
521 3421 640 3484 peoora
661 3407 694 3462 et
714 3408 863 3464 armenta
883 3401 969 3462 inter
996 3397 1098 3462 silvas
1117 3397 1173 3462 ha·

147 3482 349 3548 10bentibus
366 3483 446 3570 quid
461 3484 590 3548 salvum
606 3493 700 3564 esset,
721 3484 750 3549 si
764 3484 867 3549 furari
881 3482 1015 3550 liceret?
1044 3483 1173 3548 Aurum

197 3577 229 3634 et
243 3578 416 3653 argentum
432 3567 569 3656 perinde
585 3579 811 3656 aspernantur,
830 3592 869 3634 ee
883 3569 1004 3656 reliqui
1019 3567 1173 3632 mortales
