2658 4244
519 375 629 427 LIBER
645 375 682 426 ΙΙ.
1073 369 1090 430 'l

112 536 141 590 et
154 527 346 612 patrimonii
362 535 471 611 partes
483 533 515 590 et
530 523 609 590 urbs
625 526 755 591 Barene
771 547 928 591 concessa
947 535 1037 606 sunt,
1057 527 1092 590 in

112 633 175 698 qua
199 613 261 676 etsi
284 633 352 676 non
376 613 501 696 regiam
524 612 637 692 vitam,
660 613 845 759 yroximam
869 621 978 675 tamen
994 613 1091 698 maje-
1134 641 1137 650 ·

111 697 184 760 stati
207 699 321 781 regiae
345 696 488 780 degeret.
533 695 626 759 Haec
648 698 823 760 cernentia
838 717 904 760 non
920 698 1030 760 minus
1045 697 1144 761 xri-26

111 785 200 862 otori,
215 804 316 868 quam
328 783 415 846 victo
427 781 518 845 utilis
530 781 600 844 fuit.
625 779 691 862 Qui
716 803 757 866 pe
770 803 812 846 ex
824 783 980 846 universa
993 781 1092 846 Grae·

111 870 169 947 oia,
193 876 369 1014 postguam
392 866 521 930 illatum
545 866 667 931 Croeso
689 803 815 931 hellam
838 889 909 931 esse
925 868 1091 951 cognitum

113 961 168 1030 est,
192 953 321 1014 auxiia
342 951 435 1015 velut
461 951 503 1015 ad
527 973 702 1016 commune
724 950 1002 1037 exstinguendum
1025 950 1092 1014 bel-

113 1037 180 1100 lum
204 1035 426 1102 confluebant.
468 1037 595 1102 Tantus
618 1037 731 1102 Croesi
754 1060 846 1102 amor
867 1060 887 1100 a
912 1035 958 1100 ud
980 1059 1093 1100 omnes

113 1121 210 1185 urbes
234 1132 318 1202 erat,
341 1143 499 1206 passurus
524 1143 566 1185 ue
589 1121 697 1208 Cyrus
721 1143 821 1207 grase
843 1059 909 1187 bel

113 1209 182 1270 oiae
203 1207 280 1286 fuit,
305 1206 431 1308 siquid
453 1143 533 1272 init

900 1121 969 1185 lum
993 1122 1093 1185 Grae-

534 1227 665 1270 roesum
681 1207 848 1272 crudelius
864 1206 1092 1274 consuluisset.

113 1293 289 1378 interjecto
318 1291 438 1356 demde
460 1301 626 1376 tempore,
655 1301 814 1378 occupato
842 1295 877 1357 in
901 1292 974 1355 aliis
996 1289 1146 1356 bellis27

113 1376 216 1462 Cyre,
246 1375 333 1462 Lydi
361 1375 574 1456 rebellavere‚
600 1376 726 1463 quibus·
742 1379 861 1441 iterum
883 1377 980 1440 victis
1004 1398 1095 1440 arma

114 1472 145 1525 et
166 1463 246 1547 equi
263 1461 409 1547 adempti
432 1470 518 1526 sunt.
556 1463 610 1525 Sic
626 1484 727 1545 gens,
747 1464 910 1527 industria
948 1461 1146 1528 uondam28

112 1555 230 1633 potens
251 1556 283 1610 et
302 1568 403 1610 manu
420 1557 572 1630 strenua,
589 1547 776 1613 cll-eminete
790 1485 1094 1614 mollitieqluxuria-

114 1653 177 1717 que
200 1633 357 1695 virtutem
376 1634 550 1780 Eristinam
578 1632 738 1718 perdidit3
768 1643 800 1697 et
826 1655 908 1720 quos
935 1641 1011 1696 ante
1032 1631 1095 1718 Cy·

114 1740 185 1780 rum
212 1718 355 1781 invictos
401 1717 466 1780 ella
487 1719 733 1802 praestiterant,
750 1721 785 1784 in
802 1718 969 1782 luxuriam
986 1717 1095 1801 lapsos
1137 1751 1139 1758 ι

115 1804 217 1866 otium
233 1823 272 1865 ao
289 1803 416 1866 desidia
431 1804 605 1886 superavit.

542 1957 618 2008 CAP.
637 1957 670 2008 V.

486 2038 581 2108 Gyrl
607 2052 726 2094 mors.

178 2140 302 2226 Cyrus,
334 2141 470 2206 subacta
490 2141 572 2207 Asia
593 2151 624 2206 et
644 2143 799 2206 universo
824 2139 959 2207 Oriente
982 2140 1017 2203 in
1041 2149 1145 2224 po·29

114 2235 264 2290 testatem
280 2227 424 2308 redacto,
440 2227 573 2312 Scythis
588 2227 713 2291 bellum
729 2225 838 2290 infert.
871 2225 953 2289 Erat
967 2247 1005 2288 eo
1017 2234 1096 2288 tem·
1137 2259 1139 2268 ·

113 2333 193 2396 pore
204 2311 402 2397 Scytharum
416 2313 703 2398 reginaTomyris,
716 2334 801 2397 quae
813 2333 879 2374 uon
891 2309 1097 2375 muliebriter

115 2396 261 2460 adventu
277 2396 421 2461 hostium
436 2399 559 2477 territa,
577 2418 678 2484 quum
695 2395 870 2484 prohibere
886 2417 941 2460 eos
956 2396 1097 2460 transitu

114 2483 234 2545 Araxis
249 2481 398 2546 fluminis
414 2492 533 2568 posset,
550 2485 690 2548 transire
705 2482 862 2566 permisit,
886 2490 918 2544 et
941 2480 1003 2545 sibi
1019 2480 1097 2542 faoi-

115 2565 229 2630 liorem
246 2589 393 2651 pugnam
409 2569 497 2631 intra
512 2569 607 2652 regni
624 2569 675 2631 sui
690 2568 846 2631 terminos
858 2574 939 2647 rata,
956 2574 988 2628 et
999 2566 1096 2628 hosti-

114 2650 174 2715 bus
187 2651 319 2737 objeotu
332 2653 479 2717 fluminis
490 2653 602 2738 fugam
616 2652 843 2716 difficiliorem.
866 2651 982 2736 Itaque
990 2649 1097 2735 Cyrus
1106 2647 1148 2718 ’30

114 2737 259 2822 trajectis
275 2739 388 2823 copiis,
411 2759 513 2823 quum
536 2739 775 2823 aliquantisper
789 2738 823 2800 in
840 2735 1008 2821 Scythiam
1026 2755 1097 2820 pro-

115 2823 275 2902 cessisset,
294 2832 401 2886 castra
415 2833 557 2886 metatus
573 2830 630 2888 est.
664 2822 752 2886 Dein
768 2831 900 2906 postera
916 2821 978 2902 die,
995 2843 1096 2906 quum

114 2905 268 2970 simulato
284 2917 374 2972 metu
390 2909 486 2993 quasi
501 2909 669 2991 refugiens
685 2917 791 2972 castra
803 2907 1010 2984 deseruisset,
1026 2906 1098 2970 vini

114 2992 237 3056 affatim
260 3001 293 3056 et
313 3015 360 3073 ea,
386 3015 470 3078 quae
491 2994 598 3080 epulis
621 3002 714 3056 erant
735 2993 931 3072 necessaria,
951 2991 1096 3138 religuit

115 3075 211 3156 Quod
229 3100 332 3163 quum
347 3079 542 3142 nunciatum
555 3079 690 3162 reginae
704 3087 797 3158 esset,
814 3076 1025 3141 adolescentu
1040 3096 1096 3138 um
1106 3086 1146 3144 31

114 3162 218 3226 filium
232 3163 274 3226 ad
285 3163 527 3248 insequendum
539 3185 615 3227 eum
629 3185 703 3226 cum
717 3164 813 3227 tertia
824 3170 917 3248 parte
927 3162 1097 3246 copiarum

114 3247 221 3312 mittit.
260 3247 371 3328 Quum
394 3258 529 3312 ventum
553 3249 594 3313 ad
615 3249 696 3333 Cyri
716 3256 824 3311 castra
843 3255 936 3325 esset,
960 3247 1097 3330 ignarus

115 3333 161 3396 rei
176 3331 331 3397 militaris
343 3328 545 3416 adolescens,
561 3333 665 3397 veluti
677 3332 719 3396 ad
730 3331 856 3418 epulas,
871 3353 938 3395 non
952 3331 994 3394 ad
1005 3351 1097 3418 proe-

115 3418 193 3482 lium
206 3419 364 3496 venisset,
378 3419 508 3483 omissis
520 3419 679 3496 hostibus,
691 3420 837 3482 insuetos
851 3415 1007 3480 barbaros
1018 3417 1096 3480 vino
1139 3453 1141 3462 ι

115 3525 147 3567 se
162 3523 302 3568 onerare
317 3497 458 3588 petitum
480 3506 640 3592 priusque
652 3504 795 3589 Scythae
812 3501 978 3582 ebrietate,
997 3523 1095 3587 quam

114 3585 199 3652 bello
221 3590 412 3654 vincuntur.
450 3589 534 3653 Nam
557 3589 698 3674 cognitis
720 3587 788 3669 his,
817 3586 924 3672 Cyrus
946 3609 1097 3650 reversus
1107 3593 1147 3650 32
