2560 4246
243 303 281 365 72
531 306 670 358 JUSTINI
686 305 932 368 HISTORIARUM

242 467 317 544 post
342 481 457 545 pacem
479 457 642 525 Antiocho
665 480 684 522 a
704 458 860 524 Romanis
885 457 993 524 datam
1017 457 1208 542 profugerat,

243 553 275 608 et
289 543 474 610 Eumenem
497 543 622 611 bellurn
638 551 745 608 crtum
760 554 817 624 est,
841 543 930 628 quod
944 543 1078 608 Prusias
1093 543 1208 607 Hanni

192 637 233 693 20
243 628 326 694 baiis
355 629 479 694 fiducia
507 637 604 715 rupto
629 628 761 695 foedere
787 629 876 712 prior
901 628 1022 708 intulit.
1067 627 1209 713 Namque

242 714 428 797 Hannibal,
452 737 555 800 quum
576 713 618 781 ab
638 712 803 780 Antiocho
825 713 966 778 Romani
986 714 1073 778 inter
1095 723 1210 778 ceterae

243 800 454 866 condiciones
479 801 572 884 pacis
599 797 799 870 deditionem
819 800 890 885 ojus
913 797 1142 883 deposcerent,
1164 797 1210 862 ad-

243 887 387 950 monitus
410 908 430 952 a
452 907 545 970 rege,
567 887 603 953 in
625 885 739 969 fugam
760 905 886 964 versus,
910 883 1041 953 Cretam
1065 883 1208 948 defertur.

244 971 294 1036 lbi
317 993 419 1056 quum
443 969 501 1036 diu
524 971 670 1070 quietam
684 970 787 1037 vitam
802 970 931 1054 egisset,
951 969 1210 1054 invidiosumque

244 1078 279 1120 se
305 1065 439 1142 propter
464 1056 583 1120 nim1as
610 1075 690 1154 opas
713 1053 854 1133 videret,
880 1053 1057 1138 amphoras
1082 1053 1211 1138 plumbo

243 1140 385 1290 repletas
408 1142 443 1204 in
459 1140 582 1227 templo
596 1140 736 1221 Dianae,
760 1139 854 1240 quasi
868 1137 1019 1206 fcrtrmae
1034 1160 1115 1205 suae
1130 1160 1213 1226 prae·

244 1228 270 1291 si
295 1228 337 1308 ia,
360 1226 511 1310 deponit,
534 1248 554 1290 a
574 1247 634 1296 ue
655 1224 730 1290 ideo
751 1224 836 1292 mbil
856 1223 897 1293 de
912 1223 970 1288 illo
986 1223 1130 1292 sollicita
1144 1224 1212 1291 civi·

243 1320 325 1392 tate,
353 1312 509 1396 quoniam
536 1236 629 1380 vlint
653 1311 775 1394 pignus
802 1331 880 1396 opes
907 1311 978 1396 ejus
1003 1309 1153 1390 tenebat,
1178 1307 1213 1372 ad

242 1396 395 1463 Prusiam
414 1393 592 1476 contendit,
610 1417 696 1466 auro
717 1416 777 1460 suo
798 1395 834 1461 in
853 1396 979 1474 statuis,
1003 1417 1086 1480 quas
1111 1415 1212 1460 secum

243 1481 405 1566 portabat,
428 1482 549 1562 infuso,
572 1503 615 1552 ne
636 1489 833 1564 conspectae
853 1501 932 1564 opes
950 1481 1037 1544 vitae
1052 1490 1211 1546 nocerent.

192 1574 230 1630 21
243 1566 332 1634 Dein
354 1589 456 1652 quum
471 1567 607 1636 Prusias
628 1566 774 1633 terrestri
788 1565 875 1636 bello
891 1564 933 1633 ab
948 1564 1102 1630 Eumene
1116 1567 1214 1630 victus

244 1661 330 1718 esset
342 1662 374 1719 et
384 1652 548 1736 proelium
559 1652 594 1719 iu
606 1673 696 1722 mare
704 1649 932 1730 transtulisset,
946 1649 1121 1716 Hannibal
1135 1670 1214 1714 novo

244 1747 429 1808 commento
445 1747 559 1804 auctor
573 1737 732 1805 victoriae
747 1735 822 1818 fuit3
838 1736 961 1820 quippe
977 1757 1074 1804 omne
1091 1757 1214 1822 serpen·

243 1825 325 1888 tium
347 1843 453 1908 genus
468 1823 504 1890 in
518 1821 635 1890 fictiles
651 1821 788 1905 lagenas
802 1821 921 1973 conpici
931 1821 1030 1906 jussit
1045 1821 1216 1907 medioque

243 1907 368 1994 proelio
384 1910 419 1975 in
434 1929 537 1977 naves
552 1907 695 1977 bostium
711 1907 819 1978 mittit·
879 1905 1058 1989 dprimum
1073 1905 1215 1970 Ponticis

242 1993 421 2064 ridiculum
436 1994 555 2075 visum,
570 1991 727 2059 fictilibus
743 1992 910 2072 dimicare,
926 1991 985 2076 qni
998 1990 1085 2056 ferro
1100 2013 1217 2077 neque

244 2087 310 2142 unt.
355 2078 422 2146 Sed
443 2077 501 2144 ubi
522 2076 730 2164 serpentibus
744 2099 779 2142 re
803 2076 865 2144 leri
879 2097 981 2142 naves
997 2097 1146 2162 coepere,
1168 2099 1216 2140 an·

244 2164 338 2248 cipiti
358 2163 507 2248 periculo
529 2162 760 2242 circumventi,
780 2099 868 2234 hosti
889 2148 1062 2229 rictorirnn
1082 2183 1216 2226 cessere.

193 2257 232 2314 22
243 2249 337 2330 Quae
353 2248 412 2317 ubi
422 2248 560 2316 Romam
575 2249 734 2318 nunciata
747 2257 838 2328 sunt,
848 2247 941 2316 missi
955 2268 975 2312 a
989 2255 1107 2312 senatu
1121 2245 1218 2332 legati

244 2342 335 2414 sunt,
360 2335 417 2420 qui
439 2343 617 2419 utrumque
637 2352 749 2417 regem
773 2333 809 2402 in
827 2353 942 2414 pacem
962 2341 1119 2416 cogerent
1132 2333 1217 2398 Han·

242 2417 455 2506 nibelemque
470 2418 693 2504 deposcerent.
738 2417 804 2482 Sed
818 2415 1005 2498 Hannibal,
1028 2419 1218 2503 recognita,

104 2510 177 2571 183.
244 2512 374 2590 sumpto
390 2525 519 2570 veneno
534 2503 734 2588 legationem
754 2511 862 2572 morte
871 2503 1052 2589 praevenit.

194 2599 233 2656 23
307 2591 456 2676 Insignis
479 2589 535 2656 hic
557 2611 664 2660 annus
686 2589 789 2655 trium
811 2597 878 2656 toto
901 2586 980 2655 orbe
1002 2586 1218 2655 maximorum

243 2677 479 2762 imperatorum
500 2673 661 2744 mortibus
673 2674 752 2754 tuit,
775 2671 975 2744 Hannibalis
996 2681 1029 2738 et
1047 2671 1218 2758 Philopce

244 2762 350 2830 menis
380 2768 412 2829 et
440 2760 605 2846 Scipionis
634 2759 792 2829 Africani.
829 2757 905 2824 -Ex
957 2756 1055 2825 uibus
1085 2767 1219 2837 constat,

243 2844 471 2916 Hannibalern
487 2867 550 2916 nec
564 2855 645 2925 tum,
668 2867 771 2930 quum
786 2843 934 2912 Romano
973 2841 1039 2908 ello
1052 2852 1219 2915 tonantem

243 2930 341 2996 Italia
363 2933 578 3012 contremuit,
601 2951 663 2999 nec
686 2952 788 3016 quum
809 2949 962 2998 reversus
985 2927 1220 3012 Carthaginem

244 3037 410 3090 summum
438 3017 614 3100 imperium
640 3015 761 3095 tenuit,
789 3022 846 3082 aut
868 3013 1221 3084 cubantem-coenasse

244 3110 301 3166 aut
315 3101 393 3186 plus
407 3123 508 3188 quarn
522 3101 666 3171 sextario
681 3101 752 3168 vini
766 3097 953 3170 indulsisse.
978 3097 1221 3170 ,Moderationis

245 3195 332 3251 certe
354 3188 424 3272 ejus
444 3187 516 3268 fuit,
540 3197 587 3269 ut,
609 3207 711 3272 quum
734 3185 939 3256 diversarum
962 3184 1111 3269 gentium
1131 3205 1220 3250 exer-

245 3272 328 3337 citus
350 3273 482 3353 rexerit,
504 3293 614 3359 neque
634 3270 763 3334 insidiis
779 3291 913 3334 suorum
928 3269 1070 3334 militum
1085 3271 1128 3333 sit
1143 3269 1220 3354 peti·

244 3365 297 3420 tus
314 3378 471 3442 umquam
487 3379 596 3443 neque
611 3353 726 3421 fraude
741 3355 905 3445 proditus,
926 3377 1029 3441 quum
1045 3363 1221 3440 utrumque

245 3441 354 3504 hostes
370 3464 469 3526 saepe
483 3450 674 3508 tentassent.
706 3465 710 3472 ·
798 3477 802 3482 ·
