2678 4246
498 311 607 362 LIBER
624 311 721 362 XXXI.
1060 307 1099 368 57

115 462 278 528 donicum
294 459 471 543 distulisse.
507 459 772 545 Philopoemeni,
788 461 996 527 Achaeorum
1013 460 1099 543 duci,
1110 469 1148 524 21

114 545 258 615 insidias
303 547 425 628 aravit3
450 544 570 632 quibus
592 547 732 632 cognitis
747 547 941 631 vitatisque,
963 545 1022 611 ille
1037 546 1099 612 dis·

116 631 237 696 cedere
254 569 300 696 ab)
312 653 350 696 eo
365 629 517 695 Achaeos
533 632 723 696 auctoritate
739 653 799 696 sua
813 631 930 716 coegit.

279 869 446 926 Ptolemaei
463 784 675 942 mm}
689 867 755 924 vita
772 867 936 944 flagitiosa.

183 969 340 1056 Philippo
361 971 402 1035 in-
418 969 613 1034 Macedonia
635 971 764 1054 magnis
785 970 886 1036 rebus
904 971 1040 1050 intento,
1063 971 1098 1035 in
1110 979 1151 1036 22

114 1057 273 1142 Aegypto
285 1055 466 1122 Ptolemaei
477 1077 584 1120 mores
597 1055 719 1120 diversi
731 1065 840 1138 erant3
861 1057 984 1142 quippe
996 1077 1098 1140 regno

114 1141 297 1224 parricidio
312 1150 406 1227 parto
421 1148 458 1203 et.
469 1140 511 1205 ad
525 1161 640 1204 necem
657 1141 829 1226 utriusque
864 1141 985 1204 arentis
998 1141 1099 1204 caede

115 1227 218 1290 etiam
248 1225 358 1290 fratris
382 1225 564 1306 adstructa,
594 1225 686 1288 velut
707 1225 806 1290 rebus
828 1163 967 1291 lhliciter
988 1227 1099 1312 gestis,

114 1309 272 1376 luxuriae
290 1333 327 1375 se
347 1309 537 1390 tradiderat,
559 1310 714 1395 regisque
737 1331 843 1374 mores
864 1310 970 1374 omnis
986 1320 1100 1374 secuta

113 1397 212 1480 regia
240 1404 317 1459 erat.
363 1395 480 1480 Itaque
502 1415 569 1459 non
592 1395 690 1458 amici
713 1403 841 1460 tantum
863 1394 1100 1482 praefectique,

113 1501 234 1546 verum
258 1481 354 1544 etiam
378 1481 484 1545 omnis
506 1480 679 1559 exercitus,
702 1479 726 1543 d
768 1479 860 1545 ositis
880 1480 1017 1544 militiae
1033 1490 1098 1544 stu-

115 1565 193 1646 diis,
206 1566 272 1629 otio
285 1587 323 1629 ac
335 1565 463 1630 desidia
474 1587 568 1630 corru
594 1565 618 1628 ti
630 1587 740 1628 marce
765 1574 831 1628 ant.
859 1563 987 1644 Quibus
998 1566 1097 1630 rebus
1109 1575 1149 1632 23

114 1651 269 1734 cognitis,
286 1649 480 1730 Antiochus,
496 1671 555 1712 rex
570 1587 697 1734 hydae,
713 1651 816 1714 veteri
831 1651 918 1713 inter
933 1671 967 1712 se
982 1671 1097 1734 regno-

113 1757 191 1798 rum
218 1734 293 1798 odio
318 1734 521 1815 stimulante,
550 1735 723 1818 repentino
745 1733 833 1800 bello
856 1733 976 1798 multas
1000 1733 1097 1798 urbes

115 1821 188 1906 ejus
211 1820 373 1906 oppressit
390 1821 563 1906 ipsamque
578 1823 766 1903 Aegyptum
788 1819 988 1904 aggreditur.
1020 1819 1097 1882 Tre-

113 1904 232 1992 pidare
247 1905 350 1988 igitur
363 1903 586 1987 Ptolemaeum
609 1903 830 1988 legationibus
845 1905 964 1984 missis,
987 1903 1098 1989 quoad

114 1990 206 2054 vires
228 1997 367 2073 pararet,
389 1991 510 2054 morari
524 1989 736 2054 Antiochum.
779 1987 902 2074 Magno
927 1988 1097 2053 deinde-in

116 2073 260 2138 Graecia
275 2075 422 2140 exercitu
438 2073 610 2154 conducto,
634 2073 814 2138 secundum
830 2073 993 2158 proelium
1009 2075 1097 2153 facit,

116 2157 357 2246 spoliassetque
379 2181 481 2244 regno
504 2158 716 2240 Antiochum,
740 2160 767 2222 si
789 2158 954 2223 fortunam
976 2161 1097 2224 virtute

111 2244 268 2330 juvisset.
306 2243 372 2308 Sed
395 2253 567 2308 contentus
586 2245 835 2328 recuperatione
850 2243 993 2326 urbium,
1016 2253 1149 2330 quasit

116 2329 281 2409 amiserat,
297 2329 384 2393 facta
404 2351 495 2414 pace,
512 2327 608 2394 avide
624 2329 795 2392 materiam
811 2329 930 2415 quictis
948 2329 1096 2414 arripuit,

114 2415 291 2500 occisoque
310 2414 479 2498 Eurydice
502 2435 606 2478 uxore
629 2413 811 2499 eademque
833 2435 943 2478 sorore
965 2436 1038 2494 sua,
1061 2415 1094 2476 in

115 2497 285 2564 luxuriam
301 2499 496 2583 revolvitur3
513 2510 612 2598 atque
625 2499 673 2562 ita
688 2505 818 2562 omnem
834 2498 1095 2583 magnitudinem

114 2583 1097 2672 nominisacmajestatisoblutusdiesnoctesqueinconviviis

115 2671 289 2733 consumit.
335 2669 512 2734 Adduntur
526 2669 745 2733 instrumenta
760 2667 921 2747 luxuriae,
937 2675 1098 2754 tympana

115 2762 149 2817 et
173 2753 372 2840 crepundia3
398 2775 461 2818 nec
481 2756 552 2842 jam
574 2761 736 2840 spectator
755 2775 832 2834 rex,
859 2753 917 2818 sed
938 2754 1097 2838 magister

113 2840 283 2925 nequitiae
293 2855 471 2904 nervorum
484 2839 724 2906 oblectamenta
734 2837 933 2903 modulatur.
960 2839 1095 2902 Interim
1107 2847 1147 2905 25

112 2923 325 3008 Agathocles,
338 2926 425 3010 regis
434 2924 565 3005 sodalis,
579 2925 745 2988 civitatem
751 2924 900 3008 regebat3
912 2933 1017 2988 mater
1026 2924 1095 3009 ejus

114 3007 291 3075 Oenanthe
310 3017 345 3076 et
364 3031 456 3075 soror
470 3009 670 3094 Agathoclia
692 3008 894 3089 tribunatus,
914 3011 1096 3094 praefectu-

112 3114 167 3158 ras
184 3103 217 3158 et
231 3094 371 3160 ducatus
383 3095 596 3178 ordinabant3
612 3116 674 3158 nec
687 3094 861 3181 quisquam
873 3094 908 3158 in
920 3115 1022 3178 regno
1035 3115 1095 3156 suo

112 3179 225 3244 minus
240 3201 341 3265 quam
356 3181 427 3266 ipse
442 3202 503 3244 rex
517 3188 654 3267 poterat.
775 3207 778 3211 ·

216 3415 342 3472 Romani
362 3416 490 3486 Aegypti
508 3333 799 3473 adnihilationem
817 3381 997 3485 suscipiunt.
1161 3439 1234 3500 204·
1329 3409 1330 3414 ¹

179 3515 329 3584 Tandem
341 3518 561 3600 Ptolemaeus,
576 3517 689 3582 relicto
706 3519 913 3606 quinquenni
928 3533 970 3582 'ex
989 3518 1094 3604 Eury-
1107 3528 1146 3586 26
