2678 4246
247 311 284 372 'ld
538 315 679 368 Jusmu
696 314 945 368 HISTORIARUM

229 444 336 552 Qud
364 475 491 551 patrem
519 475 598 530 uota
628 466 843 531 absolutionis
865 491 966 532 causa
987 469 1133 534 offensae
1157 469 1241 548 fuit,

245 552 442 638 indignante
467 551 639 637 Philippo,
669 551 745 636 plus
773 555 932 618 momenti
956 554 1048 640 apud
1074 563 1240 618 senatum

245 658 421 723 personam
431 636 501 717 filii,
515 659 614 736 quam
626 638 853 701 auctoritatem
864 640 968 724 patris
980 661 1019 702 ac
1031 639 1239 724 dignitatem

196 729 236 786 10
245 725 357 810 regiae
371 724 550 809 majestabs
567 720 732 785 habuisse.
766 723 907 788 Perseus
922 725 1037 808 igitur,
1053 736 1241 812 perspecta

245 810 348 896 patris
382 807 607 893 aegritudine,
643 806 790 892 quotidie
820 808 989 873 absentem
1018 810 1240 874 Demetrium

245 894 336 980 apud
358 914 435 957 eum
458 893 643 972 criminari,
666 902 699 956 et
719 895 826 979 primo
848 895 1011 973 invisum,
1032 904 1107 982 post
1126 896 1240 960 etiam

245 987 434 1065 suspectum
469 978 623 1059 reddere3
658 1000 749 1041 nunc
784 979 962 1042 amicitiam
992 981 1239 1060 Romanorum,

246 1086 336 1128 nuuc
349 1063 570 1150 proditionem
586 1065 617 1126 ei
631 1064 734 1148 patris
749 1061 923 1148 objectare.
954 1065 1011 1128 Ad
1024 1075 1241 1149 postremum

245 1149 384 1214 insidias
400 1149 464 1214 sibi
479 1149 521 1212 ab
537 1171 575 1212 eo
589 1157 721 1249 paratas
737 1148 910 1234 confingit,
927 1150 970 1213 ad
984 1153 1077 1237 cujus
1091 1153 1141 1215 rei
1153 1173 1241 1237 pro·

244 1236 411 1300 bationem
427 1235 574 1298 immittit
587 1233 729 1313 indices,
750 1241 848 1298 testes
864 1235 1024 1299 subornat
1038 1243 1069 1299 et
1082 1235 1239 1314 facinus,

246 1321 336 1408 quod
356 1320 484 1420 objicit,
514 1319 665 1383 admittit
716 1319 848 1399 Quibus
868 1319 968 1384 rebus
990 1321 1163 1404 compulso
1192 1323 1241 1385 ad

244 1405 461 1490 parricidium
475 1414 578 1490 patre,
593 1405 758 1468 funestam
773 1427 905 1470 omnem
918 1407 1044 1489 regiam
1060 1406 1149 1470 facit

195 1500 232 1556 11
310 1489 428 1555 Occiso
450 1490 618 1554 Demetrio
641 1489 840 1576 sublatoque¹
858 1490 1004 1572 aemulo,
1027 1501 1097 1576 ¹non
1120 1492 1239 1576 negli-

245 1577 374 1662 gentior
385 1585 512 1639 tantum
525 1576 663 1639 Perseus
675 1576 710 1639 in
722 1585 859 1662 patrem,
874 1597 991 1640 verum
1003 1577 1100 1640 etiam
1112 1588 1239 1642 conm-

245 1663 370 1726 macior
380 1671 459 1741 erat,
475 1683 537 1724 nec
548 1660 702 1724 heredem
715 1661 821 1746 regni,
836 1661 897 1725 sed
907 1683 1020 1746 regem
1032 1683 1067 1726 se
1078 1662 1237 1746 gerebat

244 1747 307 1812 His
336 1746 434 1810 rebus
462 1745 607 1810 offensus
628 1745 805 1832 Philippus
833 1747 1058 1832 impatientius
1086 1749 1123 1810 in
1155 1748 1237 1814 dies

244 1842 382 1898 mortem
398 1831 561 1898 Demetrii
584 1830 734 1914 dolebat,—
756 1841 836 1894 tunc
858 1842 891 1896 et
912 1831 1043 1896 insidiis
1066 1853 1143 1896 eum
1168 1835 1238 1898 cir-

246 1927 459 1983 cumventum
471 1915 711 2002 suspicabatur,
727 1925 825 1981 testes
836 1916 1030 2004 iudicesque
1041 1925 1073 1981 to
1115 1917 1243 1983 nebat·

196 2006 357 2089 12Atque
379 2006 425 2066 ita
447 2005 579 2087 cognita
600 2001 726 2082 fraude,
747 2024 814 2066 non
838 2004 948 2068 minus
964 2002 1087 2068 scelere
1131 2007 1236 2086 crsei,

246 2111 345 2176 quam
361 2089 499 2152 innoxia
511 2089 670 2152 Demetrii
684 2095 787 2152 morte
798 2088 1017 2168 cruciabatur,
1032 2089 1236 2174 peregisset-

245 2195 311 2260 que
333 2173 507 2253 ultionem,
533 2174 597 2238 nisi
620 2182 724 2236 morte
744 2183 944 2258 praeventus
969 2173 1093 2238 fuisset.
1138 2173 1235 2238 Nam

245 2260 340 2324 brevi
362 2268 438 2346 post
459 2268 616 2346 tempore,
637 2257 752 2322 morbo
766 2281 809 2322 ex
825 2258 1033 2344 aegritudine
1048 2267 1238 2342 contracto,

246 2345 396 2426 decessit,
414 2343 528 2408 relicto
541 2365 662 2429 magno
674 2342 754 2407 belli
765 2353 926 2430 apparatu
936 2344 1097 2408 adversus
1108 2343 1238 2409 Roma-

245 2453 316 2511 nos,
343 2453 408 2518 quo
434 2439 550 2518 postea
571 2429 711 2494 Perseus
737 2451 816 2493 usus
843 2438 900 2493 est
944 2429 1029 2493 Nam
1053 2439 1087 2492 ct
1108 2429 1235 2496 Gallos

245 2517 436 2582 Scordiscos
451 2515 494 2580 ad
508 2514 590 2580 belli
604 2515 793 2578 societatem
808 2514 1014 2600 perpulerat,
1029 2515 1235 2602 fecissetque

246 2603 402 2668 Romanis
418 2623 520 2687 grave
534 2600 670 2681 bellum,
684 2600 751 2663 nisi
766 2599 966 2664 decessisset.

664 2756 742 2806 car.
760 2757 810 2808 m
859 2723 861 2728 ’

547 2839 701 2898 Gallorum
718 2837 927 2906 unigrationes.

197 2954 236 3012 13
312 2945 412 3027 Galli,
433 2943 522 3008 bello
539 2943 698 3008 adversus
713 2941 862 3025 Delphos
877 2940 1052 3005 intelioiter
1067 2948 1171 3024 geste,
1194 2943 1234 3005 in

247 3053 312 3121 quo
335 3033 493 3181 massorem
509 3031 577 3092 vim
592 3029 750 3108 numinis,
770 3049 873 3112 quam
888 3027 1032 3090 hostium
1047 3037 1232 3107 senserant,

247 3119 367 3184 amisso
409 3137 512 3182 renno
528 3114 623 3196 duce,
638 3135 715 3199 pars
727 3114 763 3176 in
774 3113 898 3192 Asiam,
912 3133 990 3197 pars
1002 3113 1037 3176 in
1050 3110 1232 3176 Thraciam

246 3213 392 3270 extorres
420 3202 583 3288 fugerant.
627 3199 710 3263 Inde
737 3221 799 3285 per
828 3198 942 3262 eadem
969 3197 1130 3281 vestigia,
1162 3219 1233 3282 qua

246 3297 421 3370 venerant,
443 3287 611 3373 antiquam
625 3287 772 3433 §atrium
786 3283 978 3369 repetivere.
1024 3282 1079 3345 Ex
1094 3281 1146 3345 his
1161 3305 1233 3345 ma-

246 3396 310 3440 nus
354 3373 495 3438 uaedam
510 3374 545 3436 in
562 3393 623 3436 con
650 3379 749 3434 cente
764 3367 914 3445 Danubii
928 3377 961 3432 et
975 3367 1055 3432 Sevi
1070 3367 1232 3448 consedit,

173 3395 504 3545 ”uscordiseosque
527 3479 562 3521 se
582 3455 744 3542 appellari
758 3455 873 3520 voluit.
918 3454 1093 3538 Tectosagi
1108 3462 1232 3532 autem,

248 3565 351 3632 quum
372 3546 407 3607 in
431 3543 600 3628 antiquam
622 3541 760 3626 patriam
778 3539 932 3603 Tolosam
953 3539 1123 3603 venissent
1143 3559 1234 3602 com·
