2658 4244
508 352 617 406 mann
634 357 681 406 nr.
736 288 747 306 ι
1043 357 1083 418 55

97 512 385 572 hoste‘hobiturum
391 529 405 582 ;
427 489 614 572 civitatibus
628 505 815 572 libertatem
831 517 957 595 suaque
972 511 1084 575 omnia

97 591 253 658 restituit.
284 585 380 655 Fessi
391 591 493 674 igitur·
501 599 550 654 tot
560 586 657 656 bellis
670 591 790 658 Graeci
802 594 921 680 cupide
932 601 1082 682 ptinere.

97 677 166 741 Hic
181 689 374 762 annus‘non
390 696 428 740 eo
442 684 571 744 tanum
586 677 727 762 insignis
747 678 818 759 fuis,
840 677 930 767 quod
947 687 1134 764 repentesso

96 785 168 850 pax
182 771 253 826 tota
268 761 410 827 Graecia
423 761 510 826 facta
525 771 575 826 est
604 763 663 830 sed
679 765 777 828 etiam
794 786 841 846 eo,
863 764 952 852 quod
967 765 1083 830 eodem

557 811 664 914 (tollis
677 858 779 998 ‘caim
800 859 857 914 est
901 849 969 915 Sed
982 849 1083 916 Lace·
1093 859 1131 917 31

96 859 249 933 tempore
264 847 344 934 urba
358 847 508 934 Romana
523 869 542 910 a

98 933 271 998 daemonii
300 933 423 996 securis
451 931 663 1014 insidiantes,
701 956 721 997 a
745 936 885 1002 sentiam
912 936 1082 1010 Arcadum
1112 959 1116 976 ¹

97 1017 280 1104 speculati,
305 1015 477 1081 castellum
500 1039 613 1095 eorum
636 1030 830 1107 expugnant
857 1032 1083 1110 occupatoque

98 1103 306 1194 praesidium
331 1103 376 1166 im
402 1109 515 1166 onunt.
555 1101 676 1190 ‘Itaque
704 1115 828 1172 armato
857 1105 1084 1192 instructoque

98 1189 252 1253 exercitu
276 1190 375 1250 Arca
389 1209 437 1269 es,
467 1185 624 1252 adhibitis
651 1189 688 1252 in
715 1190 876 1255 auxilium
903 1187 1083 1272 Thebanis,

98 1273 223 1340 amissa
251 1271 341 1360 bello
369 1281 531 1358 repetunt.
575 1273 615 1338 In
641 1295 679 1338 eo
703 1267 828 1360 proelio
850 1273 1083 1362 Archidamus,
1093 1285 1133 1342 32

99 1359 172 1424 dux
186 1357 536 1438 Lacedaemoniorum,
558 1357 761 1441 vulneratur,
784 1362 841 1448 qui
864 1383 967 1447 quum
989 1358 1084 1428 caedi

98 1467 178 1509 suos
200 1445 273 1528 jam
295 1451 333 1508 ut
352 1444 455 1508 victos
477 1441 618 1524 videret,
644 1447 704 1530 par
725 1467 922 1532 praeconem
946 1468 1085 1534 corpora

99 1529 351 1594 interfectorum
377 1529 420 1594 ad
449 1527 653 1616 sepulturam
672 1531 788 1618 poscit
817 1529 895 1616 (hoc
921 1541 969 1596 ast
995 1533 1084 1596 enim

99 1615 236 1700 signum
261 1609 350 1702 apud
372 1614 517 1680 Graecos
538 1614 696 1679 'victoriae
722 1616 891 1699 traditae),
916 1639 983 1704 qua
1009 1637 1085 1680 con·

98 1701 246 1766 fessiOne
262 1699 405 1766 contenti
420 1697 573 1795 Thebani
588 1701 720 1784 signum
735 1699 894 1788 parcendi
910 1696 1040 1768 dedere.

156 1933 158 1940 ’
235 1935 353 1992 Bellum
371 1937 453 1992 inter
471 1853 720 1992 naiidioiisiios
738 1937 770 1992 ot
788 1935 953 1992 Thebanos.

164 2038 289 2104 Paucis
321 2034 441 2104 deinde
474 2048 548 2124 post
578 2037 708 2120 diebus,
746 2039 872 2106 neutris
903 2035 1085 2128 quidquam
1095 2048 1135 2108 33

100 2125 223 2190 hostile
237 2121 444 2206 facientibus,
464 2127 566 2212 quur'n
582 2125 677 2212 quasi
692 2127 797 2198 tracto
811 2145 976 2191 consensu
991 2124 1085 2194 indu-

101 2213 173 2276 ciae
190 2214 314 2290 essent,
334 2207 606 2290 Lacedaemoniis
625 2209 691 2276 alia
708 2205 798 2274 bella
812 2209 971 2274 adversus
986 2209 1084 2276 finiti-

101 2318 173 2362 mos
190 2289 392 2382 gerentibus,
408 2292 561 2360 Thebani
575 2292 809 2382 Epaminonda
824 2291 908 2361 duce
923 2316 1085 2381 occupan-

103 2381 164 2446 dae
184 2381 282 2458 'u'rbis
309 2383 422 2445 'eorum
448 2403 540 2464 spem
566 2379 734 2467 ceperunt.
778 2381 894 2466 Itaque
921 2379 1085 2466 principio
1095 2385 1136 2443 34

102 2453 209 2532 noctis
222 2465 315 2530 ‘taciti
330 2445 583 2539 Lacedaemona,
594 2465 861 2552 proficiscuntur,
884 2466 951 2530 'non
974 2465 1085 2529 tamen

102 2575 123 2616 a
170 2552 242 2616 radi
253 2553 403 2616 incautos
419 2560 607 2637 potuerunt,
623 2552 747 2637 quippe
759 2572 853 2614 senes
866 2556 1016 2626 etcetcra
1027 2550 1087 2612 im-

101 2637 144 2704 be
158 2637 200 2701 lis
217 2643 316 2718 actas,
340 2658 443 2722 quum
458 2627 796 2712 adventumhostium
817 2633 1085 2720 praesensissent,

101 2724 138 2786 in
153 2723 237 2808 ipsis
250 2731 420 2810 portarum
435 2744 478 2784 an
500 2721 598 2812 ¹us'tiis
620 2721 736 2786 aimati
759 2714 952 2802 occurrunt,
977 2723 1010 2784 et
1031 2717 1087 2784 ad·

102 2830 220 2872 versus
237 2805 425 2894 quindecim
441 2743 548 2870 miilia
561 2801 704 2870 militum
719 2827 786 2873 non
798 2802 941 2891 amptius
953 2813 1086 2869 centum

98 2895 171 2980 jam
195 2889 331 2973 effoetae
352 2893 466 2959 aetatis
491 2892 556 2969 ‘viri
573 2889 935 2980 pugnae‘seofferun't.
984 2887 1087 2966 Pauci
1097 2893 1136 2953 35

103 2979 208 3062 igitur
218 2977 409 3058 ¹sustinuero
422 2983 517 3054 sanes
533 2973 731 3057 doiain,jcui
753 2984 829 3040 ante
845 2970 914 3042 dies
931 2975 1088 3054 universa

105 3065 262 3127 'uvcntus
275 3085 341 3148 par,
352 3075 424 3130 esse
438 3084 506 3137 non
517 3057 637 3148 potuit.
658 3057 699 3138 In
715 3066 752 3125 eo
793 3059 894 3124 roelio
908 3059 973 3123 duo
986 3057 1087 3122 duces

98 3087 251 3212 isontium
271 3145 429 3212 cecidere.
469 3141 638 3226 Thebani,
660 3084 814 3230 'Agesiiai
836 3143 982 3232 adventu
1004 3139 1088 3234 nun*-

105 3235 202 3316 oiato,
226 3254 400 3297 recessere.
436 3231 506 3296 Nec
520 3230 646 3318 bellum
662 3229 719 3294 diu
735 3230 882 3310 dilatum,
899 3251 976 3292 nam
992 3223 1088 3314 Spar·
1098 3234 1138 3292 36

23 3379 32 3404 ,
105 3327 258 3384 tenorum
276 3320 450 3406 juventus,
478 3313 737 3382 senum'tittute
761 3326 793 3380 et
815 3315 921 3400 gloria
942 3314 1088 3395 incensa,

105 3405 213 3468 teneri
228 3399 295 3468 noir
310 3403 434 3488 potuit,
459 3400 583 3490 quinve
602 3401 785 3466 continenti
797 3400 871 3463 ⁴acie
888 3397 1088 3489 decerneret.

106 3488 219 3573 Quum
230 3489 370 3553 victoria
380 3487 615 3572 Thebanorum
627 3491 720 3566 esset,
736 3484 1090 3568 Epaminondmdum

106 3595 173 3640 non
180 3575 278 3640 ducis
286 3582 425 3650 mutum,
440 3587 557 3638 aarum
568 3573 667 3638 otiam
674 3571 845 3636 fortissimi
858 3569 972 3633 militis
978 3568 1089 3634 ‘officio
