2666 4246
261 330 319 392 112
548 333 688 385 austun
705 285 952 385 fltsrofflsliusr

258 482 383 548 bellum
395 483 430 546 in
443 482 623 549 adventum
633 481 810 546 Perdiccae
821 483 968 569 parabat.
982 484 1049 550 Sed
1056 483 1222 548 Perdiccae

282 567 334 633 lus
356 567 468 634 odium
491 569 707 652 arrogantiae,
736 589 835 654 quam
860 570 947 634 vires
972 569 1117 634 hostium
1138 590 1224 632 noce

259 591 356 737 bant3
380 675 481 742 quam
504 653 596 718 exosi
619 654 717 717 etiam
740 653 820 718 socii
836 654 878 718 ad
892 655 1107 740 Antipatrum
1121 675 1225 738 grega

210 741 318 810 setim
333 739 575 825 profugiebant
612 737 846 824 Neoptolemus
891 761 999 826 noque
1019 741 1055 804 in
1072 739 1225 804 auxilium

258 825 419 890 Eumenis
431 824 576 905 relictus,
588 845 656 888 non
664 823 772 888 solum
780 832 871 888 trans
909 847 996 909 gere,
1007 847 1125 889 verum
1137 826 1225 888 etiam

259 910 398 996 prodero
414 911 596 975 exercitum
611 908 726 973 voluit.
758 907 866 989 Quam
880 931 949 974 rem
966 933 1068 996 quum
1085 931 1227 995 praesen·

259 997 355 1062 sisset
369 995 554 1074 Eumenes,
576 1015 652 1060 cum
691 993 833 1058 roditore
848 994 1024 1074 decernere
1040 994 1165 1080 proelio
1179 1015 1227 1058 nc·

259 1101 351 1146 cesse
366 1080 490 1147 habuit.
521 1079 639 1144 Victus
669 1078 888 1164 ¹eoptolemus
911 1079 954 1144 ad
969 1081 1181 1164 Antipatrum
1200 1089 1229 1143 et

259 1165 431 1232 Craterum
456 1165 621 1253 profugit,
651 1163 770 1250 hisque
795 1163 988 1251 persuadet,
1018 1175 1056 1230 ut
1081 1164 1168 1230 laeto
1192 1186 1229 1228 ex

258 1252 397 1316 victoria
423 1260 456 1315 et
481 1271 597 1316 securo
623 1251 704 1334 fuga
729 1272 791 1316 sua
815 1249 959 1314 Eumeni
988 1251 1228 1336 superveniant.

208 1347 247 1404 17
258 1334 324 1400 Sed
339 1357 391 1399 res
407 1335 592 1400 Eumenem
612 1356 680 1422 uon
702 1334 806 1403 latuit.
841 1334 959 1420 Itaque
979 1335 1123 1400 insidiae
1137 1337 1172 1398 in
1186 1337 1228 1398 in-

258 1419 430 1484 sidiatores
452 1443 584 1504 versae,
606 1419 711 1506 etqui
727 1441 880 1497 securum
896 1443 1111 1507 aggressuros
1127 1443 1161 1485 se
1177 1443 1229 1506 pu-

257 1504 381 1590 tabant,
403 1507 527 1570 securis
548 1505 584 1569 in
598 1505 717 1570 itinere
733 1501 764 1570 et
779 1505 871 1590 pervi
897 1506 952 1570 ilio
968 1506 1074 1570 noctis
1091 1506 1229 1590 fatigatis

257 1594 430 1656 occursum
461 1601 519 1656 est.
572 1589 613 1655 In
644 1611 682 1654 eo
717 1589 841 1676 proelio
874 1528 1028 1656 {ratenus
1064 1591 1230 1676 occiditur.

256 1675 510 1763 Neoptolemus·
537 1697 647 1763 uoque
670 1696 745 1739 cum
769 1675 919 1740 Eumene
942 1697 1154 1762 congressus,
1178 1675 1230 1754 din

257 1762 379 1826 mutuis
400 1760 502 1826 vulne
514 1698 595 1826 bus
612 1761 755 1848 acceptis
771 1760 966 1825 colluctatus
982 1771 1046 1844 est3
1068 1771 1228 1847 postremo

207 1847 364 1917 levietus
388 1846 564 1911 occumbit.
600 1845 716 1911 Victor
736 1847 839 1932 igitur
852 1845 988 1910 -duobus
1009 1846 1145 1932 proeliis
1161 1868 1230 1910 con·
1303 1869 1304 1884 ,

257 1931 359 1996 tiuuis
374 1931 541 1998 Eumenes
565 1929 703 1996 afflictae
724 1940 832 2016 partes
854 1933 1048 1996 transitione
1071 1933 1229 1996 sociorum

256 2017 431 2103 paululum
443 2018 649 2082 sustentavit
670 2015 725 2080 Ad
736 2026 937 2102 postremum
949 2015 1231 2098 tameu,Perdicoa

116 2115 190 2180 321,
258 2101 376 2183 occiso,
399 2101 442 2166 ab
466 2103 613 2168 exercitu
628 2102 732 2166 hostis
748 2100 951 2188 appellatur,
972 2102 1163 2189 bellumque
1178 2101 1231 2166 ad·
1302 2145 1303 2182 ,

256 2207 372 2250 versus
388 2207 465 2250 eum
478 2187 648 2275 Antigono
663 2187 861 2254 decernitur.

666 2360 821 2378 Μ

589 2477 736 2554 LIBER
763 2479 898 2554 XVIll.
997 2526 999 2532 -

311 2603 464 2675 Bellum
490 2603 596 2674 inter
621 2605 835 2675 Eumenem
862 2607 904 2674 et
930 2603 1183 2696 Antigonum.
1301 2619 1302 2676 l

511 2705 713 2800 Olympias
739 2707 984 2778 interficitur.
1301 2679 1302 2751 l

687 2854 764 2907 ute.
782 2856 804 2908 1.

577 2937 717 2992 Eumenis
734 2937 907 3006 prudentis.

226 3047 239 3104 1
318 3037 497 3121 Eumenes,
514 3048 550 3104 ut
560 3039 753 3104 Perdiccam
770 3041 924 3116 occisum,
941 3062 976 3104 se
990 3038 1120 3105 hostem
1138 3039 1228 3104 aMa

255 3123 448 3190 cedonibus'
454 3125 657 3211 judicatum,
673 3123 798 3190 bellum
823 3145 865 3189 ue
881 3121 1229 3212 Antigono'deoretnm

255 3230 326 3274 esse
349 3211 520 3296 cognovit,
542 3210 628 3275 ultro
651 3233 690 3274 ea
713 3149 873 3275 militibus
896 3212 964 3274 suis
987 3209 1166 3290 indicavit,
1190 3229 1228 3273 ne
1299 3239 1300 3286 ,

254 3295 342 3359 fama
357 3306 414 3363 aut
427 3318 498 3360 rem
513 3296 547 3360 in
564 3297 670 3384 majus
686 3295 866 3376 extolleret,
880 3305 936 3360 aut
949 3295 1093 3360 militum
1106 3299 1228 3361 animos

255 3401 365 3444 rerum
385 3381 531 3446 novitate
553 3390 699 3446 terreret:
731 3381 927 3447 Constanter
942 3390 1052 3445 tamen
1067 3382 1228 3468 praefatus

256 3471 319 3527 est:
335 3473 365 3529 si
387 3474 439 3531 cut
460 3473 541 3532 baec
563 3475 681 3531 terrore·
701 3477 812 3547 essent,
828 3473 947 3532 tubere
962 3489 1029 3531 eum
1049 3471 1228 3532 discedendi

253 3559 454 3627 potestatem
470 3572 536 3636 qua
548 3565 629 3614 voce
640 3548 724 3615 adeo
737 3553 919 3616 cunctosin
932 3551 1079 3616 studium
1090 3554 1228 3640 pardum
1298 3617 1299 3628 ,
