2678 4246
519 327 629 382 mnen
645 327 783 380 xxxvu.
889 317 892 326 “
1075 321 1133 383 1⁰3

149 473 362 568 rediguntur.
406 481 480 563 Quo
502 480 587 546 lacto
608 488 642 546 et
663 477 780 630 Spriae
800 487 833 544 et
850 478 997 565 Aegypti
1019 484 1184 564 regnabo

154 589 243 716 {aaa
255 568 459 633 incrementa
473 565 515 632 de
529 566 677 631 finitimis
716 564 789 630 ellis
802 585 960 651 quaerere
972 561 1132 645 solebant,

186 675 306 718 ornana
330 653 499 718 vicinitate
525 661 647 734 artata,
680 652 769 718 vires
795 671 872 713 suas
893 650 928 713 in
950 649 1132 736 perniciem

155 747 305 804 mutuam
326 747 568 819 converterunt,
591 737 673 802 adeo
694 747 732 800 nt
750 735 893 800 assiduis
907 733 1042 822 proeliis
1058 756 1133 800 con-

157 824 289 910 sumpti,
304 825 340 888 in
356 832 577 923 contemptum
593 822 806 886 finitimorum
816 821 969 886 venerint
979 819 1133 905 praedae

156 931 223 996 que
237 908 386 974 Arabum
407 918 507 994 genn,
530 907 658 974 imbelli
676 916 784 986 antea,
805 905 938 971 fuerint
983 903 1181 986 Quorumbl

157 1015 218 1062 rex
230 994 396 1061 Erotimus
411 993 534 1060 fiducia
548 995 831 1079 septingentorum
846 990 1001 1072 liliorum,
1017 989 1133 1056 divisis

151 1079 368 1160 exercitibus,
383 1099 473 1144 nunc
489 1079 688 1167 Aegyptum,
703 1075 826 1142 nuncS
869 1079 934 1142 iam
948 1075 1132 1159 infestabat,

151 1185 381 1316 magnumrpue
410 1183 532 1229 nomen
559 1164 724 1248 Arabum,
761 1163 826 1227 viri
850 1185 889 1228 ua
917 1163 1132 1228 finitimorum

158 1252 319 1337 exsangui
344 1273 392 1333 us,
407 1251 538 1315 fecerat.
1157 1281 1158 1286 κ

243 1469 313 1541 syri
331 1470 494 1540 buranam
511 1385 804 1538 magdunensi
820 1468 882 1526 slbl
898 1469 1048 1538 neuma

184 1625 186 1632 ,
221 1573 275 1640 Ob
298 1582 413 1639 mutua
432 1573 569 1644 fratrum
582 1573 668 1638 -cdia
687 1581 721 1638 et
736 1593 842 1661 quum
857 1594 936 1638 mox
950 1572 1011 1638 lilii
1025 1572 1183 1638 inimi-sa

115 1737 118 1746 ,
156 1659 243 1724 citiis
264 1669 438 1744 parentum
459 1658 685 1740 succederent,
707 1658 754 1722 ita
773 1668 810 1722 ut
829 1657 1026 1745 inexpiabili
1044 1656 1132 1724 bello

156 1752 191 1809 et
210 1765 306 1830 reges
328 1753 361 1810 et
381 1766 521 1831 regnum
544 1743 659 1830 Syriae
679 1753 966 1825 consumerentur,
1013 1743 1133 1830 opulus

157 1827 200 1894 ad
214 1839 352 1895 externa
366 1829 493 1895 auxilia
507 1830 672 1894 concurrit
685 1831 944 1917 peregrinosque
958 1767 1022 1894 sili
1038 1851 1132 1916 reges

157 1916 409 2002 circumspicere
424 1916 541 2002 coepit.
570 1914 687 2001 Itaque
703 1936 804 2002 quum
821 1936 897 2000 pars
908 1915 1132 1981 Mithridatem

155 1999 340 2082 Ponticum,
355 2022 432 2086 pars
442 2000 666 2066 Ptolemaeum
683 1999 724 2065 ab
737 2000 786 2064 Ae
832 2009 889 2100 pto
901 2000 1132 2067 arcessendum

156 2097 313 2168 censeret,
337 2096 597 2173 occurreretque,
643 2084 711 2151 uod
731 2085 793 2150 Mit
817 2085 938 2152 mdates
961 2084 1050 2152 bello
1071 2087 1134 2152 Ro-

155 2192 254 2236 mano
279 2170 460 2259 implicitus
488 2182 587 2253 esset,
641 2170 819 2236 tolemaeus
846 2193 977 2260 quoque
1004 2194 1133 2260 semper

156 2253 258 2322 hostis
272 2257 389 2322 fnisset
401 2257 533 2344 Syriae:
557 2278 669 2323 omnes
685 2257 719 2320 in
735 2255 924 2343 Tigranem,
945 2277 1057 2342 regem
1074 2263 1133 2322 Ar·

158 2343 303 2424 maniae,
333 2364 543 2424 consensere,
567 2343 762 2415 instructum
810 2352 917 2408 raeter
938 2343 1132 2409 domesticas

157 2427 243 2492 vires
270 2437 302 2493 et
323 2427 479 2494 Parthica
503 2429 659 2493 societate
684 2437 717 2492 et
736 2427 798 2491 Mit
823 2429 936 2494 ridetis
962 2429 1131 2494 affinitate.

158 2510 291 2578 Accitus
307 2514 409 2599 igitur
422 2515 457 2579 in
472 2535 612 2599 regnum
624 2511 740 2598 Syriae
756 2535 814 2598 per
826 2513 1015 2600 quindecim
1027 2535 1132 2579 annos
1142 2522 1183 2580 53
1208 2521 1261 2582 84.

158 2597 427 2685 tranquillissimo
449 2620 552 2683 regno
575 2598 697 2685 potitus
720 2608 779 2678 est,
802 2621 910 2700 neque
925 2597 1013 2664 bello
1029 2598 1131 2664 aliurn

158 2679 316 2781 lacessere
335 2707 444 2772 neque
464 2683 634 2750 lacessitus
650 2682 708 2748 alii
722 2681 847 2749 bellum
862 2684 983 2750 anferre
998 2706 1142 2750 necesse.

158 2764 281 2833 haban
582 2855 659 2908 CAR
676 2855 709 2908 L

303 2893 406 3009 'syrn
423 2939 456 2994 ln
472 2939 646 3009 provlnclae
663 2939 792 2994 {ormam
808 2939 972 3008 redlgltur.

202 3037 269 3104 Sed
283 3038 365 3106 sicut
376 3039 418 3106 ab
430 3039 580 3107 hostibus
591 3041 690 3129 Syria
700 3051 771 3107 tuta
781 3041 853 3124 fuit,
867 3043 914 3106 ita
925 3047 1182 3110 terraemotubl

158 3132 287 3194 vastata
309 3135 363 3209 est,
387 3147 452 3276 ‹p’uo
468 3136 600 3208 centum
616 3129 827 3213 septuaginta
840 3127 947 3193 millia
961 3127 1133 3195 hominum

1334 3017 1335 3060 l

1327 3097 1334 3182 l

159 3211 198 3274 et'
214 3208 337 3274 multae
355 3235 395 3276 ur
420 3233 454 3277 es
475 3213 653 3297 perierunt.
699 3211 796 3293 Quod
819 3212 1007 3299 prodigium
1028 3223 1132 3280 muta-
1330 3185 1333 3247 l

158 3297 282 3360 tionem
304 3317 410 3362 rerum
430 3297 627 3383 portendere
634 3347 643 3381 ,
667 3296 767 3363 harus
791 3299 858 3362 ices
880 3298 1131 3384 responderunt

158 3381 304 3466 Tigrane
327 3402 347 3443 a
367 3379 503 3448 Lucullo
524 3385 621 3466 victo,
644 3321 837 3462 Antiocdus,
860 3383 948 3449 filins
964 3383 1131 3472 Cyziceni,
1141 3393 1181 3453 55
1208 3394 1259 3454 69.

146 3465 257 3530 rexS
282 3466 351 3530 riae
372 3468 410 3532 ab
432 3467 548 3534 eodem
562 3468 704 3534 Lucullo
719 3468 916 3556 appellatur.
959 3470 1026 3536 Sed
1042 3471 1132 3559 qnod

159 3549 231 3616 Luc
268 3550 320 3616 lus
345 3549 484 3636 dederat,
506 3564 621 3641 postea
641 3555 765 3621 ademit
778 3553 971 3644 Pompejns3
995 3557 1053 3643 qui
1076 3579 1131 3643 po-
