2678 4246
263 344 301 406 36
543 347 683 414 ausum
699 347 947 400 HISTORIARUM

261 506 326 565 etat
336 503 506 564 inermibus
517 505 704 564 habitarum.
734 491 941 580 Rennnciata
952 498 1129 583 legatione,
1141 500 1248 564 risere

263 582 363 664 Galli,
385 583 533 671 undique
548 583 778 663 acclamantes,
803 589 887 650 treet
902 605 1064 650 semorum
1080 607 1160 666 eum,
1184 593 1248 651 sthi

213 677 251 734 21
264 690 304 733 un
320 675 367 734 illi
383 678 577 734 consulentes
584 690 701 749 pacem
714 675 887 734 obtulerim.
916 669 1101 756 Interjectia
1115 669 1245 752 diebus,

262 753 425 838 proelium
446 755 638 833 conseritur,
662 755 743 817 vieti
767 775 810 817 ue
830 751 1027 819 Macedones
1047 755 1244 820 caeduntur.

261 839 471 904 Ptolemaeus
486 839 601 904 multis
615 839 748 903 vulneri
797 859 811 901 a
829 839 960 904 saucius
974 841 1123 926 capitum
1145 849 1247 926 capnt

262 926 333 1011 ejus
348 934 554 1010 amputatum
570 933 602 988 et
616 924 733 989 lancea
746 925 851 990 fixum
864 933 935 988 tota
949 927 1019 989 acie
1030 925 1073 989 ad
1084 933 1243 992 terrorem

262 1009 406 1073 hostium
424 1011 664 1075 circumfertur.
708 1009 837 1074 Paucos
852 1031 895 1073 ex
909 1007 1149 1075 Macedonibus
1164 1011 1246 1096 fuga

212 1105 251 1162 22
262 1097 414 1175 servavit,
431 1097 532 1160 ceteri
548 1095 705 1180 ant‘capti
720 1104 778 1159 aut
793 1096 902 1159 occisi.
932 1095 1026 1160 Haec
1041 1106 1246 1181 quum‘nun·

263 1181 348 1244 oiata
367 1203 427 1267 per
447 1202 578 1245 omnem
593 1180 823 1246 Macedoniam
843 1189 960 1260 essent,
980 1189 1093 1267 portae
1109 1181 1244 1246 urbium

262 1265 471 1348 clauduntur,
495 1265 587 1331 luctu
611 1267 723 1330 omnia
744 1263 930 1350 replentur3
956 1287 1047 1329 nnnc
1069 1265 1243 1332 orbitatem

194 1369 196 1372 ·
262 1352 458 1415 amissorum
479 1350 623 1416 filiorum
647 1349 815 1431 dolebant,
842 1369 933 1415 nuno
955 1351 1087 1416 excidia
1107 1352 1243 1416 urbium

262 1435 461 1516 metuebant,
470 1435 753 1505 nuncAlexandri
760 1435 1097 1522 Philippiqueregum
1106 1457 1242 1501 suorum

261 1521 406 1603 nomina,
417 1521 503 1586 sicut
509 1523 694 1604 numinum,
706 1523 742 1586 in
751 1521 914 1586 auxilium
920 1521 1100 1606 vocabant:
1113 1529 1172 1588 aab
1180 1531 1243 1588 illis

260 1614 1178 1687 teneursolumtutos,aeramettamotetoresorttsterramm
1186 1630 1242 1673 ea·-

181 1753 184 1758 .
261 1699 394 1769 stitisse·
407 1692 555 1774 orabant,
567 1707 600 1758 ot
610 1701 915 1773 merentarpatriam
922 1713 1021 1770 mam,
1034 1713 1128 1772 quam
1134 1701 1241 1773 plorta

260 1799 363 1843 reram
382 1793 541 1858 pectorum
561 1785 648 1843 coelo
662 1785 843 1856 proximam
856 1785 1084 1856 reddidissem
1104 1790 1139 1842 ut
1155 1801 1252 1858 opem·

262 1869 392 1943 afflictis
404 1870 538 1943 ferrent,
555 1884 634 1943 qaae
645 1870 742 1943 furor
756 1877 787 1928 et
800 1872 958 1928 temeritas
973 1869 1144 1928 Ptolemaei
1159 1871 1241 1944 repta

213 1957 252 2016 23
260 1954 460 2028 perdidisset.
491 1946 753 2036 Desperantibus
769 1947 933 2029 omnibus,
948 1947 1138 2030 Sosthenes,
1154 1970 1241 2013 unua

221 2041 223 2048 '
263 2033 304 2096 de
320 2033 538 2098 Macedonum
558 2031 781 2120 principibus,
804 2034 973 2099 nonestis
987 2032 1155 2118 agendum
1172 2055 1241 2098 esse

262 2127 363 2198 ratus,
379 2127 545 2184 contracta
553 2121 740 2206 juventute,
756 2126 788 2184 et
798 2117 915 2184 Gallos
926 2119 1064 2184 victoria
1075 2119 1242 2184 exsultan-

261 2212 309 2267 tes
326 2205 538 2288 compescuit,
554 2213 587 2267 et
597 2201 825 2268 Macedoniam
841 2203 884 2269 ab
899 2199 1012 2269 hostili
1026 2204 1241 2290 populatione

212 2300 252 2357 al
263 2286 418 2352 defendit.
453 2288 507 2354 Ob
523 2309 608 2376 quae
623 2289 754 2354 virtutis
769 2289 932 2358 beneficia
943 2287 1057 2354 multis
1071 2288 1242 2354 nobilibus

261 2394 402 2458 regnum
417 2373 631 2438 Macedoniae
647 2373 875 2440 affectantibus
890 2374 1048 2460 ignobilis
1062 2376 1134 2461 ipse
1148 2395 1242 2462 prae

261 2459 405 2545 ponitur,
422 2468 454 2523 et
465 2481 568 2545 quum
580 2481 640 2524 rex
651 2459 693 2524 ab
705 2461 853 2526 exercitu
864 2460 1050 2548 appellatus
1063 2469 1158 2541 esset,
1171 2461 1243 2546 ipae

261 2567 330 2610 non
344 2546 380 2609 in
395 2547 494 2630 regis,
510 2545 568 2612 sed
581 2544 673 2610 ducis
685 2567 806 2611 nomen
813 2545 929 2633 jurare
939 2545 1241 2632 militescompulit.

681 2717 758 2770 GAP.
775 2718 823 2769 Vl.

334 2801 498 2872 Brennigin
517 2801 857 2940 Graecianplpsxcppppppo.
893 2800 1009 2870 Templi
1026 2799 1167 2870 Delphici

213 2981 252 3040 25
327 2972 457 3038 Interea
472 2973 647 3056 Brennus,
675 2996 740 3060 quo
767 2971 851 3037 duce
876 2973 983 3060 portio
1006 2970 1179 3037 Gallorum
1206 2973 1240 3035 in

263 3057 436 3125 Graeciam
453 3080 488 3122 se
507 3058 684 3141 effuderat,
712 3057 826 3124 andita
845 3059 985 3122 victoria
1004 3079 1156 3139 auorum,
1185 3058 1241 3144 qni

262 3145 378 3231 Belgio
401 3143 485 3208 duce
508 3143 709 3209 Macedonas
729 3145 895 3223 vicerant,
916 3144 1125 3228 indignatus,
1148 3151 1240 3227 parta

261 3231 401 3295 victoria
420 3230 564 3318 opimam
578 3228 736 3316 praedam
751 3237 784 3292 et
798 3227 943 3292 Orientis
960 3227 1075 3312 spoliis
1090 3237 1239 3292 onustam

262 3325 330 3379 tam
351 3314 448 3379 facile
463 3314 611 3380 relictam
628 3335 709 3393 esse,
729 3315 811 3400 ipse,
833 3312 985 3378 adunatis
1000 3323 1132 3377 centnm
1148 3314 1240 3462 puin·

263 3402 424 3486 quaginta
456 3400 603 3464 millibus
632 3398 781 3485 peditum
812 3407 845 3462 et
873 3397 1063 3485 quindecim
1093 3397 1153 3462 mil
1167 3397 1239 3464 ibus

213 3493 253 3552 26
263 3487 421 3571 equitum,
436 3486 472 3549 in
487 3484 717 3550 Macedoniam
731 3485 895 3571 irrumpit.
940 3482 1052 3565 Quum
1068 3503 1165 3570 agros
1182 3481 1239 3548 vil·

262 3569 378 3656 lacque
392 3569 617 3657 popularetur,
633 3570 776 3636 occurrit
791 3571 821 3636 ei
836 3592 912 3636 cnm
923 3570 1083 3634 instructo
1094 3569 1238 3634 exercitu
