2658 4244
203 350 238 408 10
490 350 629 403 JUSTINI
647 352 895 404 HISTORIARUM

149 508 190 566 44
199 501 278 586 pulo
295 501 487 566 electionem
508 502 689 588 aequalitas
709 492 838 566 faceret.
879 503 947 586 Ipsi
967 506 1070 588 igitur
1089 505 1177 566 viam

149 635 152 640 .
199 589 415 668 invenerunt,
437 609 503 672 qua
525 588 565 651 de
585 587 798 674 se'judicium
815 587 969 672 religioni
984 599 1016 652 et
1029 589 1180 652 fortunae

200 674 453 754 committerent3
479 675 634 758 pactique
656 673 795 736 interae
815 681 892 736 sunt
897 720 906 754 ,
934 681 971 736 ut
991 674 1044 737 die
1060 681 1181 750 statuta

200 779 312 820 omnes
337 778 438 842 equos
461 767 537 820 ante
557 760 682 842 regiam
705 759 811 842 primo
834 779 930 822 mane
951 758 1179 844 perducerent,

200 852 232 906 et
248 845 342 929 cujus
358 864 462 927 equus
477 844 564 906 inter
579 843 657 906 solis
673 852 778 906 ortum
795 841 960 907 hinnitum
976 845 1103 930 primus
1115 841 1180 906 cdi·

201 928 309 1006 disset,
325 929 353 990 is
368 949 428 990 rex
444 938 537 992 esset.
567 928 652 991 Nam
669 937 701 990 et
711 927 821 992 Solem
834 929 953 993 Persae
965 953 1068 993 unum
1082 929 1180 992 deum

201 1035 270 1078 esse
299 1012 452 1094 credunt,
489 1022 521 1076 et
541 1035 641 1100 equos
663 1013 768 1076 eidem
790 1013 862 1076 Deo
889 1024 1032 1078 sacratos
1061 1015 1180 1077 ferunt.

150 1106 190 1164 45
200 1099 281 1162 Erat
294 1099 381 1161 inter
396 1096 582 1184 conjhratos
598 1099 734 1179 Darius,
758 1099 933 1184 Hystaspis
953 1099 1058 1182 filius3
1087 1100 1181 1184 cujus

154 1191 155 1200 ’
201 1206 320 1269 equus,
349 1205 451 1269 quum
472 1192 602 1270 postera
625 1184 678 1247 die
701 1183 744 1246 ad
764 1192 917 1247 statutam
939 1183 1052 1248 horam
1069 1205 1182 1247 omnes

201 1269 440 1349 convenissent,
449 1269 613 1331 hinnitum
623 1271 732 1333 statim
745 1268 849 1332 edidit
860 1277 892 1333 et
902 1269 982 1332 felix
995 1270 1181 1355 auspicium

201 1355 334 1419 domino
351 1355 476 1437 primus
492 1355 608 1418 emisit.
650 1355 759 1430 Tanta
780 1353 960 1418 moderatio
984 1357 1100 1418 ceteris
1120 1354 1183 1416 fuit

202 1439 313 1526 audito
330 1439 492 1525 auspicio,
514 1446 550 1502 ut
565 1439 734 1503 confestim
751 1461 769 1502 e
794 1441 845 1502 uis
862 1440 1056 1503 desiluerint
1070 1448 1103 1502 et
1117 1439 1183 1501 Da-

52 1533 125 1594 521.
150 1535 190 1591 46
201 1525 287 1588 rium
303 1545 415 1608 regem
432 1523 656 1588 salutaverint.
687 1463 834 1609 Populus
850 1547 982 1612 quoque
998 1526 1182 1604 universus,

7 1613 10 1632 ³
203 1619 333 1674 secutus
340 1609 505 1695 judicium
518 1611 716 1694 principum,
730 1610 871 1673 eundem
884 1630 994 1694 regem
1005 1609 1181 1674 constituit.

202 1695 257 1760 Sic
265 1716 404 1780 regnum
414 1695 597 1774 Persarum,
611 1706 735 1780 septem
747 1694 1026 1759 nobilissimorum
1037 1696 1183 1759 virorum

202 1783 324 1844 virtute
332 1782 528 1866 quaesitum,
542 1790 608 1843 tam
617 1779 683 1843 levi
694 1790 858 1844 momento
871 1782 906 1843 in
914 1801 1018 1843 unum
1028 1779 1188 1844 collatum

151 1876 191 1933 47
202 1875 260 1930 est.
287 1867 410 1929 Darius
423 1865 503 1951 Cyri
518 1867 606 1949 regis
622 1865 724 1928 filiam
739 1867 774 1929 in
791 1867 1035 1930 matrimonium
1051 1865 1184 1951 recepit,

201 1951 368 2035 regalibus
384 1953 508 2036 nuptiis
527 1973 667 2035 regnum
687 1951 890 2028 firmaturus,
914 1959 951 2014 ut
972 1972 1039 2014 non
1059 1960 1125 2013 tam
1148 1951 1184 2011 in

204 2048 398 2100 extraneum
414 2035 625 2116 translatum,
644 2058 743 2123 quam
759 2038 793 2099 in
808 2035 967 2100 familiam
984 2035 1064 2122 Cyri
1079 2057 1186 2098 rever-

152 2132 273 2188 tasum
291 2121 468 2184 videretur.
493 2121 668 2206 interjecto
679 2121 797 2185 deinde
805 2130 961 2206 tempore,
975 2139 1076 2207 quum
1084 2120 1187 2203 Assy·¹

203 2208 244 2270 rii
260 2207 477 2269 descivissent
492 2215 523 2268 et
537 2205 757 2291 Babyloniam
778 2215 1008 2292 occupassent,
1029 2204 1184 2269 difficilis-

204 2315 268 2377 que
292 2291 382 2354 urbis
404 2293 605 2377 expugnatio
626 2302 726 2370 esset,
751 2301 923 2356 aestuante
944 2313 1021 2376 rege
1041 2313 1127 2355 unus
1144 2288 1185 2352 de

203 2375 467 2440 interfectoribus
483 2377 670 2461 Magorum,
692 2377 860 2463 Zopyrus,
884 2377 972 2441 domi
993 2398 1027 2440 se
1042 2375 1184 2439 verberi-

203 2463 265 2526 bus
289 2462 425 2526 lacerari
441 2470 507 2526 toto
524 2483 659 2548 corpore
669 2463 781 2548 jubet,
805 2485 948 2543 nasum,
962 2483 1072 2542 aures,
1095 2461 1197 2544 labia,

204 2547 266 2612 sibi
282 2547 443 2633 praecidi3
461 2559 559 2634 atque
575 2549 622 2611 ita
636 2551 707 2631 regi
722 2549 907 2632 inopinanti
922 2569 957 2611 se
969 2547 1071 2610 offert.
1093 2546 1184 2608 Atto·

204 2635 309 2697 nitum
326 2642 358 2696 et
372 2641 582 2720 quaerentem
593 2633 731 2695 Darium
745 2655 860 2697 causas
872 2641 1104 2718 auctoremque
1116 2639 1182 2692 tarn

203 2717 1183 2805 focdaelacerationistacitus,quopropositofecerit,edocet,

204 2805 409 2890 formatoque
428 2805 463 2866 in
481 2804 593 2867 futura
604 2804 750 2883 consilio,
768 2805 958 2888 transfugae
969 2803 1064 2866 titulo
1077 2799 1183 2885 Baby-

153 2889 327 2957 lttloniam
349 2889 576 2980 proficiscitur.
626 2889 677 2952 lbi
705 2890 847 2953 ostendit
873 2887 996 2976 populo
1022 2888 1182 2962 laniatum

205 2997 339 3061 corpus,
366 2977 516 3061 queritur
531 2973 756 3039 crudelitatem
778 2976 880 3060 regis,
908 2995 1012 3058 aquo
1032 2974 1068 3035 in
1089 2971 1184 3054 regni

204 3062 361 3148 petitione
378 3083 444 3124 non
460 3061 591 3142 virtute,
608 3062 665 3124 sed
682 3061 838 3148 auspicio,
860 3082 925 3123 non
937 3059 1066 3145 judicio
1081 3057 1184 3119 homi-

203 3170 299 3226 num,
323 3145 381 3210 sed
402 3145 534 3210 hinnitu
555 3147 632 3232 equi
654 3155 827 3232 superatus
847 3147 903 3228 sit3
925 3142 1022 3230 jubet
1044 3142 1117 3207 illos
1141 3163 1184 3204 ex

205 3233 318 3295 amicis
332 3233 519 3319 exemplum
532 3255 571 3296 ca
596 3255 659 3312 ere,
676 3230 756 3318 quid
769 3231 917 3295 hostibus
929 3227 1112 3294 cavendum
1125 3227 1183 3308 sit3

205 3317 361 3398 hortatur,
376 3341 444 3382 non
460 3255 632 3382 moenibus
647 3319 764 3402 magis,
781 3339 880 3401 quam
894 3317 993 3379 armis
1005 3312 1183 3392 confidant,

204 3405 451 3490 patianturque,
475 3426 509 3467 se
532 3425 707 3466 commune
730 3401 853 3466 bellum
869 3401 1049 3465 recentiore
1065 3399 1115 3461 ira
1130 3419 1184 3482 ge·

154 3497 195 3555 50
205 3510 286 3552 rere.
308 3487 395 3550 Nota
406 3488 560 3552 nobilitas
569 3490 634 3551 viri
644 3490 768 3574 pariter
780 3497 812 3551 et
822 3488 926 3551 virtus
938 3485 1091 3550 omnibus
1103 3494 1183 3563 crat,

205 3595 266 3638 nec
289 3573 330 3637 de
351 3573 417 3637 fide
436 3572 611 3654 timebant,
639 3575 733 3659 cujus
756 3572 860 3636 veluti
881 3572 1023 3658 pignora
1042 3569 1185 3634 vulnera
