2658 4244
528 380 637 431 LIBER
653 381 717 434 XL*
1041 417 1045 428 .
1065 379 1101 438 67

119 530 286 593 tissimum
309 531 416 595 facere
431 527 608 596 Thebanos
622 530 982 619 Lacedaemoniosque,
1005 541 1104 596 antea

120 615 210 682 inter
236 637 271 680 se
292 617 444 700 imperii,
470 639 560 680 nunc
583 618 708 702 gratiae
730 617 922 701 imperantis
938 617 1101 682 aemulos!

119 698 315 786 Philippus,
341 711 465 766 secreto
481 701 602 766 auditis
617 702 765 788 utrisque
787 701 1026 788 legationibus,
1050 700 1152 768 hisae

119 786 254 849 veniam
279 785 361 851 belli
385 786 574 876 pollicetur,
609 787 676 851 illis
702 795 829 869 contra,
864 796 1041 852 venturum
1067 809 1103 852 se
1191 823 1194 831 ν

120 871 352 959 auxiliumque
366 871 527 957 laturum3
548 882 706 959 utrosque
726 881 816 938 vetat
838 894 955 957 parare
976 870 1102 937 bellum

120 965 179 1019 aut
199 965 357 1021 metuere.
403 957 458 1023 Sic
481 959 604 1023 securis
627 957 780 1022 omnihus
803 957 1102 1044 Thermopylarum

120 1043 291 1126 angustias
307 1045 467 1128 occupat

543 1163 618 1216 OAP.
636 1163 682 1216 vt

339 1267 345 1281 ·
441 1246 641 1303 Phocensimu
658 1245 780 1302 deditio.

184 1329 280 1394 Tunc
294 1333 438 1418 primum
445 1332 632 1396 Phocenses
648 1341 761 1418 captos
777 1341 812 1396 se
824 1329 941 1395 fraude
953 1328 1041 1394 Phili
1066 1332 1101 1416 pi
1112 1338 1151 1398 29

118 1415 432 1501 animadvertentes,
458 1417 579 1505 trepidi
601 1415 643 1482 ad
666 1439 758 1480 arma
779 1415 985 1502 confugiunt.
1034 1351 1101 1480 ried

117 1523 227 1587 neque
250 1505 393 1587 spatium
409 1512 479 1568 erat
496 1503 682 1568 instruendi
703 1501 800 1582 belli,
824 1497 886 1566 neb
905 1510 1034 1586 tempus
1058 1501 1101 1564 ad

117 1586 345 1652 contrahenda
352 1589 487 1670 auxilia,
500 1598 533 1653 et
539 1587 714 1675 Philippus
727 1587 894 1658 excidium
902 1586 1099 1666 minabatur,

116 1671 153 1734 ni
167 1670 262 1736 {ieret
276 1671 408 1738 deditio.
439 1673 529 1738 Victi
543 1675 645 1757 igitur
660 1674 862 1754 necessitate,
882 1682 979 1758 pacta
994 1670 1100 1734 salute

116 1777 152 1820 se
168 1755 375 1824 dediderunt.
409 1758 477 1824 Sed
514 1761 599 1828 ¹actio
610 1760 685 1858 ejus
700 1757 779 1821 fidei
794 1758 869 1839 fuit,
893 1758 987 1844 cujus
1003 1764 1100 1818 antea
1109 1764 1150 1822 30
1161 1762 1234 1824 346.

114 1841 224 1906 fuerat
247 1841 413 1928 deprecati
434 1779 515 1910 belli
537 1843 720 1930 promlssio
763 1841 955 1906 Caeduntur
975 1841 1099 1927 passim

115 1928 374 2016 rapianturque,
400 1951 467 1995 non
489 1930 589 1994 liberi
607 1928 817 2015 parentibus,
847 1948 914 1990 non
939 1926 1099 2012 conjuges

113 2014 260 2093 maritis,
294 2036 361 2078 non
383 2014 519 2080 deorum
545 2013 723 2092 simulacra
750 2011 882 2097 templis
906 2013 975 2074 suis
1001 2011 1099 2074 relin-

114 2107 272 2183 quuntur.
310 2099 424 2167 Unum
445 2109 573 2180 tantum
586 2101 724 2164 ‚miseris
739 2097 896 2165 solatium
909 2096 985 2178 fuit,
1010 2096 1099 2182 quod

114 2204 221 2268 quum
240 2182 416 2272 Philippus
437 2187 589 2275 portione
611 2183 753 2271 praedae
774 2183 879 2248 socios
901 2181 1097 2262 fraudasset,

112 2264 200 2331 nihil
220 2291 330 2333 rerum
351 2293 484 2335 suarum
505 2271 594 2358 apud
621 2270 773 2334 inimicos
792 2267 956 2332 viderunt.
1001 2265 1146 2330 Mise-31

112 2351 220 2416 randa
234 2353 358 2442 ubique
373 2355 474 2422 facies
491 2365 523 2419 et
537 2355 666 2420 excidio
690 2355 807 2418 similis
826 2362 905 2416 erat.
935 2351 1011 2416 Non
1028 2353 1097 2437 qui·

111 2435 190 2502 dem
205 2461 309 2525 pavor
323 2439 379 2504 ille
394 2441 523 2505 hostilis
538 2463 600 2505 nec
616 2439 782 2504 discursus
803 2457 863 2522 per
877 2437 994 2502 urbem
1013 2436 1098 2500 mili·

110 2531 184 2586 tum
200 2531 278 2608 erat,
294 2548 361 2590 non
376 2525 536 2590 tumultus
552 2548 727 2607 armorum,
743 2548 809 2590 non
821 2523 982 2587 bonorum
998 2531 1097 2608 atque

110 2607 285 2673 hominum
301 2612 434 2698 rapina3
451 2611 509 2676 sed
523 2612 641 2676 tacitus
657 2632 786 2674 maeror
801 2617 834 2673 et
846 2609 967 2688 luctus,
980 2627 1096 2670 veren-

6 2729 8 2736 >
109 2693 218 2776 tibus,
241 2717 286 2795 ne
302 2698 395 2796 ipsae
410 2696 565 2760 lacrimae
585 2718 645 2781 pro
662 2689 869 2759 contumacia
883 2691 1095 2756 haberentur.

6 2841 7 2844 ,
110 2777 240 2845 Crescit
255 2779 517 2846 dissimulatione
532 2783 604 2868 ipsa
619 2781 722 2863 dolor,
737 2779 801 2846 hoc
813 2779 911 2844 altius
923 2777 1095 2859 demissus,
1105 2781 1146 2840 32

110 2886 177 2952 quo
201 2865 311 2929 minus
333 2866 480 2954 profiteri
502 2867 588 2931 licet.
624 2863 723 2930 Nunc
745 2855 899 2950 sepulcra
921 2865 1094 2951 majorum,

108 2973 202 3015 nuno
223 2959 350 3016 veteres
369 2961 523 3039 penates,
549 2974 639 3016 nunc
656 2958 763 3034 tecta,
789 2953 825 3015 in
848 2949 968 3041 quibus
991 2947 1096 3034 geniti
1115 2963 1118 2975 ’

109 3045 222 3118 erant,
247 3037 516 3120 considerabant,
540 3038 732 3101 miserantes
755 3059 846 3100 nuno
865 3035 972 3100 vicem
989 3053 1094 3113 suam,

109 3121 201 3209 quod
216 3123 252 3186 in
269 3144 341 3202 eam
357 3121 444 3186 diem
459 3123 629 3208 vixissent,
645 3144 735 3186 nunc
750 3121 905 3201 filiorum,
922 3117 1011 3206 quod
1026 3137 1093 3180 non

107 3217 182 3294 post
198 3230 271 3272 eam
288 3206 376 3272 diem
391 3209 461 3292 nati
476 3218 593 3272 essent
677 3219 681 3226 “
826 3219 829 3230 ‘
908 3219 912 3226 '

107 3427 270 3498 Philippus
292 3429 496 3486 monarchiam
520 3344 721 3486 dddbhllhia
745 3425 902 3494 iniustitia
920 3383 1119 3512 anatur,

6 3523 7 3556 ³
171 3515 340 3580 Reversus
362 3517 397 3579 in
423 3533 579 3602 regnum,
609 3522 648 3578 ut
674 3521 823 3598 pastores
852 3531 972 3596 pecora
1000 3513 1142 3588 nunc33

108 3601 142 3665 in
171 3601 348 3684 hibernos,
374 3623 465 3666 nunc
486 3601 521 3664 in
544 3599 686 3663 aestivos
708 3597 811 3662 saltus
832 3594 1018 3683 trajiciunt,
1042 3592 1091 3656 sie

897 3698 936 3752 ὅ*
