2658 4244
484 369 594 420 LIBER
610 369 686 420 XIII.
1037 366 1075 428 Π

93 520 316 587 Aeacidarum
333 528 430 605 gente
445 519 698 586 necessitudinis
718 519 944 585 admonuerat.
978 519 1077 608 Cupi-

94 607 135 670 de
158 605 243 670 haec
263 605 431 670 Thessalis
455 604 683 686 audientibus,
708 606 860 689 exemplo
881 606 985 693 patris
1008 606 1077 672 dux

94 692 271 757 universae
286 691 394 775 gentis
406 699 534 754 creatus
546 700 625 772 erat,
643 699 674 756 et
684 691 861 775 vectigalia
872 692 983 755 omnia
993 691 1078 756 redi-

94 785 217 861 tusque
237 798 314 842 suos
337 777 368 840 ei
387 775 601 840 tradiderant.
637 775 705 842 Sed
723 775 957 857 Athenienses,
979 777 1078 842 sicuti
1088 785 1130 842 10

95 861 195 946 primi
217 859 421 943 defecerant,
435 862 484 925 ita
497 861 598 947 primi
611 862 782 947 poenitere
795 871 985 948 coeperunt,
1002 883 1077 926 con-

95 955 258 1032 temptum
274 945 376 1012 hostis
389 948 426 1012 in
438 945 690 1012 admirationem
700 955 873 1028 vertentes,
888 947 1078 1036 pueritiam-

118 1031 162 1095 ne
172 1030 360 1098 Alexandri
374 1039 518 1118 spretam
533 1041 632 1096 antea
646 1053 748 1117 supra
761 1033 917 1096 virtutem
928 1041 1078 1096 veterum

95 1054 220 1182 ducum
243 1115 448 1180 extollentes
478 1115 590 1180 Missis
610 1117 724 1202 itaque
738 1116 867 1201 legatis,
881 1115 1008 1181 bellum
1024 1117 1079 1182 de·

94 1209 292 1287 precentur,
330 1201 451 1286 quibus
489 1201 612 1266 auditis
648 1210 692 1266 et.
713 1203 1078 1288 graviterdncrepetis,

95 1285 291 1352 Alexander
310 1285 436 1352 bellum
457 1287 592 1351 remisit.
635 1285 721 1350 Inde
742 1286 875 1351 Thebas
895 1289 1078 1353 exercitum
1090 1297 1128 1354 11

96 1373 274 1452 convertit,
290 1371 406 1436 eudem
420 1370 632 1456 indulgentia
645 1393 779 1453 usurus,
794 1374 824 1438 si
837 1395 951 1459 parem
967 1375 1079 1460 poeni-

95 1457 235 1520 tentiam
256 1457 449 1522 invenisset
483 1455 552 1522 Sed
574 1455 725 1522 Thebani
747 1459 864 1538 armis,
886 1481 954 1523 non
976 1461 1080 1546 preci·

96 1542 175 1622 bus,
199 1563 262 1606 nee
277 1540 508 1630 deprecatione
517 1543 575 1606 ‘usi
595 1551 682 1606 sunt
718 1542 836 1692 Itsspue
856 1545 936 1608 victi
954 1546 1079 1628 gravis·

96 1629 182 1692 sima
197 1649 237 1690 su
260 1626 362 1727 plicia
377 1629 506 1714 experti
521 1637 607 1694 sunt.
638 1627 677 1691 In
694 1649 786 1694 cons1
800 1629 832 1692 io
871 1651 952 1694 uum
968 1629 1009 1692 de
1025 1651 1078 1694 ex·
1091 1637 1130 1694 12

96 1711 190 1782 cidio,
201 1649 293 1776 urbis
307 1711 557 1793 deliberaretur,
572 1712 759 1778 Phocenses
775 1722 808 1778 et
821 1714 848 1781 P
864 1725 1033 1778 ateeensss
1045 1723 1081 1778 et

96 1797 319 1884 Thespienses
335 1807 368 1862 et
380 1797 605 1880 Orchomenii,
616 1796 899 1870 Alexandri'socii
908 1799 1080 1864 victoriae-

97 1904 163 1968 que
228 1883 372 1969 rtioipes,
388 1883 526 1949 excidia
538 1883 672 1948 urbium
687 1905 823 1948 suerum
838 1882 1080 1948 crudelitatem·

96 1989 162 2053 que
210 1965 417 2034 hebenomrn
442 1968 645 2048 referebant,
673 1965 784 2035 studia
808 1969 843 2032 in
869 1967 986 2034 Perses
1008 1991 1079 2044 ,non

96 2055 288 2138 praesentia
303 2062 448 2134 tantum,
470 2068 586 2120 verum
608 2062 642 2118 et
660 2060 774 2121 vetera
795 2053 955 2118 adversus
977 2053 1080 2122 Grue-

97 2139 169 2204 oiae
200 2137 386 2204 libertatem
408 2141 632 2226 increpantes:
664 2145 866 2218 quemobrem
894 2147 998 2208 odium
1024 2165 1080 2208 eos

98 2232 234 2290 omnium
248 2232 439 2303 populorum
462 2248 547 2304 esse,
572 2231 657 2304 quod
677 2233 725 2290 uel
747 2247 787 2292 ex
808 2247 845 2290 eo
868 2234 1086 2305 manifestaris

98 2315 185 2388 quod
204 2315 419 2389 jurejurando
449 2333 485 2375 se
519 2333 625 2378 omnes
642 2316 897 2389 ,obstrinxersut‚
930 2323 963 2376 ut
991 2321 1081 2378 uictis

101 2401 207 2458 Persis
225 2399 347 2458 Thebas
369 2403 538 2460 diruerent.
582 2394 755 2482 Adjioiunt
778 2403 809 2459 et
832 2395 993 2460 scelerum
1016 2401 1081 2484 pri·

98 2499 194 2542 orum
215 2477 359 2561 fabulas,
383 2479 504 2566 quibus
524 2501 641 2544 omnes
664 2501 779 2544 scenas
800 2480 1016 2566 repleverint,
1044 2492 1081 2547 ut

98 2586 165 2628 non
189 2566 357 2649 praesenti
377 2573 505 2630 tontum
526 2563 681 2652 perfidie,
697 2587 813 2630 verum
828 2572 861 2628 et
874 2573 985 2630 vetere
999 2567 1080 2632 infe

98 2650 166 2714 mla
178 2649 282 2714 invisi
296 2649 412 2718 forent.
519 2715 522 2721 ,

520 2801 596 2856 OAP.
613 2803 662 2855 1v.

437 2885 749 2944 moussuruuntur.

165 2987 263 3052 Tunc
278 2987 431 3070 Olcades,
445 3009 532 3056 unus
548 3011 591 3056 ex
606 2990 755 3076 captivis,
772 2987 849 3054 duta
862 2998 1022 3077 potestate
1034 2989 1081 3054 di-
1092 2998 1131 3056 13

99 3072 215 3138 cendi:
251 3079 320 3145 dou
348 3096 368 3138 u
397 3093 473 3154 repe
501 3098 536 3140 se
565 3082 736 3155 defecisse,
768 3098 857 3154 quem
885 3081 1081 3154 interfectum

100 3167 278 3237 audierint,
305 3167 365 3226 sed
385 3181 405 3224 a
426 3169 514 3240 repis
535 3167 724 3238 arrectiora·
752 3167 905 3240 quidquid
924 3168 959 3224 tu
981 3181 1018 3223 eo
1040 3169 1082 3228 stt

99 3251 281 3320 admissum,
295 3252 502 3324 credulitatis,
518 3261 581 3312 uon
589 3253 751 3327 perfidiae
761 3251 885 3324 cubem
895 3265 978 3322 erse,
991 3253 1082 3325 rusus

99 3345 202 3394 tumen
217 3336 291 3409 jum
304 3351 421 3410 maone
434 3354 470 3396 ee
483 3339 641 3412 suppucia
648 3337 842 3412 mendasse
858 3336 1123 3416 deletajuvedr
1202 3329 1206 3336 ’
1320 3365 1321 3372 “

100 3427 183 3492 lute;
213 3437 298 3481 nuuc
322 3435 431 3506 mutu
447 3423 702 3496 feminarumque
723 3423 818 3482 sicuti
838 3422 1007 3494 infirmum,
1036 3425 1082 3484 tta

7 3561 8 3566 ,
102 3508 264 3566 insumunt
286 3513 410 3567 restare
429 3509 554 3582 uutaus,
579 3510 664 3583 quod
685 3509 784 3580 speum
807 3507 957 3568 omuibus
970 3516 1081 3568 comu-

102 3593 203 3652 meu‘ir
225 3594 271 3651 tta
294 3600 437 3656 uenarum
461 3597 512 3668 stt,
535 3600 568 3652 ut
589 3594 670 3654 ndrd
690 3591 832 3652 emerius
853 3609 998 3668 umquem
1017 3595 1083 3654 stur
