2678 4246
215 319 253 381 78
503 321 643 374 Jusmru
660 321 908 374 HISTORIARUM

213 473 315 560 patris
328 493 469 560 regnum
479 473 636 555 venisset,
648 473 758 536 statim
770 495 831 537 rex
842 472 1039 560 appellatur.
1060 473 1203 542 Prusias

213 580 316 643 regno
339 559 498 645 spoliatus
520 581 541 622 a
560 558 629 622 tilio
651 559 868 644 privatusque
887 557 1036 622 redditus
1055 561 1156 625 etiam
1178 582 1203 624 a

214 645 318 713 servis
331 643 500 708 deseritur.
532 643 643 724 Quum
656 645 692 707 in
704 643 839 708 latebris
851 653 973 728 ageret,
989 665 1056 708 non
1068 646 1204 709 minore

214 729 347 812 scelere,
364 751 463 816 quam
475 728 581 794 filium
593 728 699 793 occidi
708 730 862 816 jusserat,
878 751 899 794 a
909 728 978 794 filio
990 730 1201 796 interficitur.

236 967 405 1022 Demetrius
423 966 461 1022 ab
480 883 824 1022 AlexandrbAgiliniim
840 979 995 1056 regnoque¹
1012 966 1176 1036 spoliatur.

164 1079 206 1136 10
278 1069 484 1150 Demetrius,
507 1079 668 1153 occupato
683 1069 800 1154 Syriae
820 1091 939 1154 regno,
962 1071 1201 1136 noviatisuae

215 1155 317 1220 otium
333 1153 555 1240 periculosum
571 1154 849 1239 retus,·ampliare
861 1156 944 1222 fines
958 1156 1054 1240 regni
1069 1164 1101 1220 et
1116 1176 1202 1240 opes

215 1262 336 1324 augere
359 1239 573 1304 finitimorum
595 1239 692 1304 bellis
714 1241 835 1304 statuit.
877 1239 1200 1328 Itaque.Ariarathi,

214 1348 250 1390 re
276 1325 283 1340 '
308 1323 554 1410 Cappadociae,
580 1334 714 1410 propter
735 1325 896 1390 fastiditas
918 1326 1039 1390 sororis
1060 1327 1199 1410 nuptias

214 1348 373 1490 ἱηῗοιεωε,
402 1409 536 1474 fratrem
567 1411 637 1496 ejus
668 1409 917 1494 Orophernem,
950 1433 1010 1497 per
1039 1411 1197 1498 injuriam

214 1505 317 1580 regno
332 1494 480 1580 pulsum,
501 1495 685 1581 supplicem
701 1496 838 1582 recepit,
859 1495 1100 1582 honestumque
1115 1495 1197 1560 belli

213 1579 347 1645 titulum
363 1579 427 1644 sibi
441 1579 555 1644 datum
571 1601 642 1644 essa
659 1581 856 1664 gratulatus,
876 1582 1055 1646 maduere
1068 1603 1144 1646 eum
1160 1581 1196 1645 in

165 1676 202 1734 11
215 1688 355 1751 regnum
371 1667 492 1732 statuit.
523 1665 590 1730 Sed
604 1665 816 1750 Orophernes
830 1668 961 1752 ingrato
977 1669 1098 1746 animo,
1113 1667 1198 1733 inita

216 1773 291 1816 cum
302 1749 582 1820 Antiochensibus
597 1752 759 1836 pactione,
775 1752 910 1818 offensis
924 1760 1004 1818 tunc
1014 1751 1196 1833 Demetrio,

214 1857 318 1922 regno
334 1835 459 1924 pellere
473 1837 599 1921 ipsum,
620 1841 721 1921 a'quo
742 1836 995 1920 restituebatur,
1019 1837 1196 1902 consilium

215 1925 312 2008 cepit.
357 1921 431 2002 Quo
457 1922 607 2006 cognito,
621 1921 822 1990 Demetrias
843 1922 932 1986 vitae
958 1921 1094 2008 quidem
1115 1923 1197 2009 ejus,

214 2029 257 2074 ne
276 2007 469 2080 Ariarathes
488 2016 578 2074 metu
597 2007 734 2078 fraterni
752 2006 833 2072 belli
851 2006 1063 2090 liberaretur,
1082 2027 1197 2092 peper-

215 2093 275 2174 cit,
298 2093 310 2160 i
335 2114 407 2159 sum
423 2100 533 2159 autem
549 2091 842 2176 comprehensum,
862 2093 1014 2162 vinctum
1025 2091 1199 2158 Seleuciae

165 2115 374 2245 ltoustoiiri
393 2176 502 2263 jubet.
544 2176 615 2243 Nec
635 2175 879 2250 Antiochenses
898 2178 1026 2247 indicio
1046 2178 1154 2244 territi
1178 2199 1199 2242 a

216 2262 398 2328 defectione
422 2261 648 2339 destiterunt,
672 2263 790 2350 Itaque
812 2263 1048 2351 adjuvantibus
1071 2272 1103 2328 et
1123 2263 1199 2328 Pto·

214 2349 358 2428 lemaeo,
388 2369 467 2434 rege
495 2349 643 2435 Aegypti
654 2395 670 2432 „
694 2358 727 2412 et
750 2348 880 2429 Attalo,
910 2370 989 2436 rege
1017 2349 1136 2429 Asiae,
1166 2356 1200 2414 et

214 2433 390 2500 Ariarathe
418 2434 467 2512 ca
490 2433 673 2519 padociae,
690 2432 779 2501 bello
806 2453 826 2500 a
846 2434 1017 2504 Demetrio
1044 2433 1204 2516 lacesciti,

216 2520 398 2586 subornant
411 2457 530 2586 Baalim
545 2521 726 2607 quendam,
739 2520 835 2584 sortis
851 2528 1016 2591 extremae
1025 2521 1199 2606 juvenem,

216 2607 274 2692 qui
289 2605 407 2692 Syriae
429 2625 570 2690 regnum
584 2605 689 2678 velut·
698 2612 874 2692 paternum
897 2607 999 2672 armis
1020 2613 1210 2690 repeterelp

215 2699 248 2756 et
262 2713 305 2760 ne
320 2690 403 2778 quid
424 2689 808 2773 contumeliaedeesaet,
829 2712 952 2760 nomen
968 2691 999 2756 ei
1012 2689 1199 2756 Alexandri

165 2785 205 2843 13
216 2775 352 2856 inditur,
368 2776 567 2862 genitusque
577 2775 621 2848 ab
633 2775 797 2843 Antiocho
808 2797 887 2860 rege
899 2775 1031 2843 dicitur.
1054 2775 1200 2842 Tantum

216 2862 330 2927 odium
341 2861 505 2925 Demetrii
521 2860 611 2946 apud
626 2883 740 2926 omnes
756 2870 834 2943 erat,
850 2869 889 2926 ut
901 2861 1031 2929 aemulo
1047 2861 1119 2948 ejus
1131 2880 1199 2924 uon

215 2949 303 3012 vires
325 2946 437 3032 regiae
460 2955 607 3029 tantum,
629 2967 746 3014 verum
768 2947 867 3013 etiam
889 2949 1021 3032 generis
1042 2944 1200 3014 nobilitas

216 3053 380 3103 consensu
408 3032 559 3098 omnium
585 3031 796 3099 tribueretur.
849 3032 968 3119 Itaque
996 3029 1208 3112 Alexander,

217 3117 406 3192 admirabili
427 3137 538 3184 reram
554 3119 712 3184 varietate
727 3117 941 3204 pristinarum
956 3117 1103 3185 sordium
1118 3115 1201 3180 obli-

216 3214 284 3288 tus,
304 3205 404 3273 totius
425 3203 528 3270 ferme
547 3203 693 3272 Orientis
707 3203 835 3270 viribus
850 3205 1051 3284 succinctus,
1066 3201 1199 3268 ‚bellum

197 3311 200 3318 ⁴
216 3289 387 3360 Demetrio
402 3289 512 3372 infert,
526 3290 718 3376 uictumque
733 3289 802 3354 vita
816 3290 994 3374 pariterac
1008 3308 1112 3372 regno
1127 3307 1200 3374 spo·

167 3385 208 3442 14
216 3375 285 3440 liat
309 3371 1207 3463 QuemquamneeDemetrioaaimusinpropulsando·

216 3459 305 3538 bello
330 3459 444 3526 defuit
480 3461 567 3534 Nam
589 3468 624 3527 et
637 3460 745 3546 primo
763 3458 1039 3546 proelio-hostem
1061 3458 1207 3543 fugavit>

218 3556 260 3627 et,
276 3545 413 3628 regibus
428 3545 555 3618 bellum
569 3544 828 3640 restituentibus,
844 3545 951 3634 multa¹
963 3543 1069 3614 millia
1081 3543 1118 3608 in
1130 3542 1201 3608 acie
