2666 4246
487 389 596 441 LIBER
613 391 714 442 XVIII.

531 575 606 626 CAP.
625 577 671 626 v1.

233 674 385 743 Olympias
405 674 566 730 Cassandri
581 673 669 742 jnssu
686 675 882 731 interflcltur.
910 675 975 730 315.

171 777 242 842 Sed
256 799 319 842 nec
331 777 505 864 Olympias
517 779 578 842 diu
594 780 756 862 regnavit.
786 779 872 844 Nam
888 802 990 866 quum
1002 781 1090 866 prin·
1101 789 1140 846 19

105 864 222 948 cipum
237 865 360 946 passim
373 865 490 928 caedes
501 864 655 928 muliebri
667 865 772 950 magis
784 887 884 950 quam
896 865 986 949 regio
998 887 1090 929 more

103 948 256 1027 fecisset,
280 950 424 1011 favorem
448 949 500 1012 sui
522 949 557 1011 in
574 947 685 1011 odium
701 951 808 1012 vertit.
845 949 962 1036 ltaque
978 949 1089 1014 audito

104 1032 289 1098 Cassandri
313 1033 471 1114 adventu,
497 1033 605 1096 diffisa
626 1033 880 1116 Macedonibus,
904 1057 979 1098 cum
1002 1057 1091 1098 nuru

104 1119 248 1181 Roxane
271 1126 304 1181 et
322 1127 441 1204 nepote
456 1117 649 1182 Alexandro
665 1119 700 1182 in
716 1118 866 1203 Pydnam
881 1117 1000 1182 urbem
1013 1141 1090 1182 con-

105 1204 206 1268 cedit.
236 1203 330 1266 Haec
345 1227 449 1289 quum
463 1205 621 1268 nunciata
637 1203 822 1268 Cassandro
839 1213 964 1284 essent,
981 1206 1090 1268 statim
1101 1211 1142 1272 20

106 1289 211 1352 citato
228 1311 327 1354 cursu
343 1289 494 1373 Pydnam
510 1290 603 1352 venit
616 1299 650 1352 et
664 1290 779 1352 urbem
793 1289 965 1356 obsidione
977 1289 1090 1374 cingit.

106 1373 221 1453 Quum
238 1373 325 1436 fame
339 1374 490 1460 ferroque
506 1384 678 1455 urgeretur
694 1374 884 1460 Olympias,
901 1374 1020 1458 longae
1037 1374 1091 1438 ob·

105 1459 247 1522 sidionis
263 1459 387 1539 taedio,
403 1467 500 1544 pacta
516 1458 620 1522 salute
628 1507 637 1540 ,
654 1461 771 1523 victori
785 1482 821 1526 se
836 1459 980 1525 tradidit.
1025 1458 1092 1524 Sed

106 1543 306 1623 Cassander,
324 1544 366 1608 ad
378 1546 569 1608 concionem
581 1555 698 1608 vocato
709 1544 843 1630 populo,
856 1545 1090 1624 sciscitaturus,

107 1629 190 1714 quid
207 1629 249 1692 de
265 1629 466 1715 Olympiade
479 1629 552 1694 fieri
567 1629 686 1710 velint,
704 1631 863 1694 subornat
875 1638 1028 1713 parentes
1043 1630 1092 1690 in·

106 1715 319 1780 terfectorum
328 1763 337 1796 ,
359 1715 416 1800 qui
425 1762 434 1795 ,
451 1724 583 1798 sumpta
597 1714 733 1796 lugubri
747 1724 848 1794 veste,
865 1712 1091 1778 crudelitatem

107 1799 261 1863 mulieris
288 1808 490 1864 accusarent.
534 1801 565 1862 A
595 1799 716 1885 quibus
742 1801 872 1862 accensi
894 1799 1092 1862 Macedones

107 1885 180 1948 sine
203 1893 356 1970 respectu
376 1885 534 1968 pristinae
556 1886 735 1970 majestatis
752 1883 967 1947 occidendam
983 1882 1093 1946 decer·

107 1978 206 2049 nunt,
221 1971 431 2034 immemores
443 1992 586 2053 prorsus,
600 1969 688 2054 quod
699 1991 759 2056 per
769 1968 875 2033 filium
888 1970 959 2055 ejus
970 1969 1092 2032 virum-

110 2077 176 2140 que
200 2076 268 2118 non
291 2055 397 2118 solum
419 2056 522 2118 vitam
544 2056 608 2140 ipsi
630 2055 716 2118 inter
738 2053 895 2118 finitimos
919 2061 1023 2118 tutam
1038 2052 1093 2116 ha-

109 2138 271 2219 buissent,
288 2161 403 2204 verum
421 2141 519 2202 etiam
534 2149 641 2203 tantas
657 2161 735 2224 opes
751 2139 994 2240 imperiumque
1007 2137 1094 2202 orbis

110 2226 329 2310 quaesissent.
360 2224 426 2290 Sed
442 2224 614 2312 Olympias
622 2273 631 2304 ,
654 2225 712 2288 ubi
728 2225 908 2288 obstinatos
923 2225 1037 2288 venire
1052 2223 1141 2287 adal

23 2319 24 2322 ’
111 2331 147 2374 se
164 2319 309 2374 armatos
324 2311 424 2390 vidit,
440 2321 531 2374 veste
547 2309 660 2394 regali,
677 2309 807 2375 duabus
823 2309 952 2374 ancillis
967 2309 1094 2388 innixa,

23 2431 24 2434 ¹
110 2395 197 2460 ultro
211 2394 343 2458 obviam
359 2395 515 2480 procedit.
544 2395 619 2474 Qua
630 2397 712 2474 visa,
732 2416 943 2481 percussores
966 2394 1095 2457 attoniti

23 2491 25 2550 ἒ
109 2481 246 2545 fortuna
264 2481 443 2566 majestatis
458 2481 591 2566 prioris,
608 2487 640 2543 et
655 2481 832 2544 memoriae
847 2475 1094 2543 ocodrrentibus

23 2575 25 2610 ³
110 2574 158 2628 tot
173 2587 292 2650 regum
305 2565 505 2646 nominibus,
522 2563 748 2644 substiterunt,
765 2565 870 2628 donec
882 2561 1094 2628 aOassandro

23 2663 25 2728 ζ
110 2651 206 2714 missi
217 2659 309 2730 sunt,
326 2651 383 2736 qui
396 2673 467 2714 eam
481 2649 702 2714 confoderent.
725 2649 795 2714 Nec
810 2649 930 2732 refugit
945 2647 1093 2732 gladium

23 2731 25 2780 ἕ
111 2745 143 2798 et
157 2735 310 2815 vulnera,
327 2757 388 2802 nec
401 2735 794 2800 muliebriterrociferata
805 2743 862 2814 est,
879 2732 936 2798 sed
947 2734 1095 2796 virorum

23 2815 24 2880 l
110 2842 203 2884 more
218 2821 351 2884 fortium
368 2843 427 2907 pro
444 2821 550 2902 gloria
564 2821 684 2885 veteris
699 2820 873 2906 prosapiae
888 2819 1027 2902 comptis
1045 2839 1095 2880 ca-

23 2895 24 2940 l
110 2905 202 2989 pillis
229 2907 327 2970 morti
350 2906 540 2986 succubuit,
572 2914 609 2968 ut
631 2906 726 2968 etiam
751 2906 786 2968 in
809 2905 969 2968 moriente
991 2911 1095 2966 matre

112 3012 312 3076 cognoscere
332 3012 445 3078 posses
467 2989 708 3054 Alexandrum.
753 2989 832 3054 Post
853 2989 935 3054 haec
956 2988 1145 3053 Cassan-22

23 3091 25 3114 ’
113 3075 171 3140 der
187 3075 462 3156 Thessalonicen,
487 3078 574 3158 regis
590 3074 738 3160 Philippi
752 3075 871 3153 filiam,
887 3093 1020 3136 uxorem
1037 3069 1095 3134 du-

113 3162 174 3245 cit3
196 3160 303 3225 filium
319 3160 505 3226 Alexandri
528 3181 603 3223 cum
619 3171 723 3224 matre
738 3161 773 3224 in
790 3180 899 3224 arcem
914 3155 1095 3241 Amphipo-

23 3289 24 3294 κ
112 3244 250 3312 litanam
266 3246 498 3312 custodiendos
512 3246 620 3310 mittit.

526 3453 680 3464 ——·—-—
