2666 4246
243 339 281 400 96
521 340 661 392 susum
677 339 926 390 msuomnaun

243 493 315 575 ejus
330 493 464 554 accitus.
493 491 658 554 Revocato
673 490 776 574 igitur
790 487 833 552 ad
843 487 933 552 bella
943 490 1063 569 animo,
1079 487 1226 554 Choras-

242 599 313 640 mos
337 586 370 640 et
383 576 498 640 Dahas
509 576 545 638 in
560 575 762 638 deditionem
778 575 930 658 accepit',

654 727 731 780 CAP.
748 728 809 778 vlu

520 809 699 879 {Alexander
714 809 833 864 ludim
848 808 938 878 petit.

142 989 145 996 Δ
195 921 235 979 28
307 910 455 992 Deinde,
486 911 575 996 quod
597 912 740 995 primum
762 909 908 974 invidiae
927 917 1018 974 metu
1039 908 1226 989 distulerat,

244 1019 311 1061 non
335 995 485 1074 salutari,
507 995 566 1059 sed
581 995 712 1060 adorari
726 1017 762 1057 se
772 993 878 1081 jubet
921 994 1115 1058 Acen-imus
1135 993 1226 1056 inter

245 1089 435 1144 recusantes
451 1079 671 1144 Callisthenes
685 1079 757 1142 fuir.
802 1078 896 1158 Quae
911 1099 963 1140 res
980 1087 1013 1141 et
1024 1077 1078 1142 illi
1092 1086 1126 1141 et
1138 1077 1225 1141 mul-

245 1167 287 1230 tis
307 1165 514 1249 principibus
529 1163 749 1227 Macedonum
767 1165 868 1227 exitio
882 1163 961 1244 fuit3
977 1161 1142 1247 siquidem
1158 1161 1223 1226 sub

246 1251 356 1336 specie
377 1249 574 1312 insidiarum
590 1270 703 1313 omnes
718 1249 893 1313 interfecti.
937 1247 1097 1311 Retentus
1113 1257 1223 1310 tamen

245 1343 296 1398 est
314 1355 335 1396 a
354 1332 593 1398 Macedonibus
609 1354 681 1396 mos
703 1333 870 1398 salutandi
883 1333 989 1416 regis,
1013 1331 1153 1416 explosa
1167 1331 1223 1409 ad·

246 1418 402 1482 oratione.

100 1507 174 1572 327.
197 1511 237 1569 29
309 1502 390 1565 Post
418 1501 500 1564 baec
524 1500 656 1565 Indiam
685 1502 783 1585 petit,
809 1510 847 1564 ut
876 1500 1009 1566 Oceano
1039 1499 1225 1586 ultimoque

248 1587 383 1652 Oriente
398 1585 509 1650 finiret
525 1587 712 1670 imperinm.
748 1585 811 1650 cui
827 1585 952 1669 gloriae
967 1593 1005 1647 ut
1018 1586 1118 1648 etiam
1134 1607 1225 1650 exer-

248 1673 333 1734 citus
358 1678 552 1734 ornamenta
576 1671 806 1751 convenirent,
833 1669 987 1754 phaleras
1009 1691 1172 1754 equorum
1193 1677 1226 1734 et

248 1779 340 1819 arma
354 1755 497 1819 militum
508 1764 646 1840 argento
657 1755 796 1835 inducit,
811 1755 1060 1839 exercitumque
1072 1777 1171 1818 suum
1184 1754 1223 1818 ab

198 1847 240 1906 30
249 1842 412 1925 argenteis
428 1839 554 1926 clypeis
569 1839 815 1924 Argyraspidas
831 1837 1021 1923 appellavit.
1056 1838 1166 1918 Quum
1183 1837 1226 1903 ad

248 1925 277 1988 N
304 1947 374 1988 sam
389 1925 505 1988 urbem
517 1928 673 2003 venisset,
690 1923 865 2008 oppidanis
881 1945 948 1986 non
959 1923 1226 2007 repugnantibus

248 1949 372 2072 fiducia
390 2009 562 2093 religionis
584 2009 699 2072 Liberi
719 2009 838 2092 patris,
861 2030 881 2070 a
901 2029 967 2093 quo
989 2008 1122 2072 condita
1145 2008 1226 2072 urbs

250 2102 329 2172 erat,
345 2094 437 2177 parci
447 2095 559 2178 jussit,
574 2093 690 2174 laetus,
705 2115 773 2156 non
787 2093 940 2156 militiam
954 2100 1094 2172 tantum,
1109 2115 1228 2156 verum

250 2186 283 2241 et
303 2177 446 2261 vestigia
460 2199 495 2240 se
511 2177 563 2242 dei
579 2187 728 2242 secutum
744 2200 824 2241 esse.
859 2177 955 2240 Tunc
970 2177 1153 2240 exercitum
1169 2177 1229 2241 dn·

250 2263 301 2324 xit
322 2261 363 2324 ad
389 2263 613 2345 spectaculum
635 2263 721 2326 sacri
742 2262 880 2342 montis,
895 2261 1103 2329 naturalibus
1117 2261 1229 2344 bonis,

249 2347 317 2410 vite
333 2345 521 2432 hederaque
540 2369 607 2411 non
623 2347 719 2412 aliter
733 2347 860 2428 vestiti,
882 2368 982 2432 quam
998 2347 1028 2409 si
1042 2369 1144 2410 manu
1160 2346 1230 2411 cul·

250 2439 304 2495 tus
327 2431 555 2520 industriaque
576 2441 753 2496 axomatus
776 2439 876 2514 esset3
892 2431 950 2496 sed
965 2431 1131 2494 exercitus
1144 2431 1227 2516 ojus,

250 2516 308 2580 ubi
322 2516 366 2580 ad
387 2525 532 2580 montem
547 2518 695 2596 accessit,
711 2517 884 2600 repentino
899 2517 1026 2600 impetu
1047 2516 1168 2578 mentis
1191 2517 1228 2578 in

251 2623 361 2665 saeros
385 2601 438 2664 dei
453 2602 600 2665 ululatus
619 2603 798 2665 instinctus
813 2623 888 2664 cum
903 2610 1037 2684 stupore
1051 2601 1140 2686 regis
1156 2600 1229 2664 eino

250 2708 340 2748 noxa
355 2685 527 2767 discurrit3
543 2685 800 2770 utintelligeret,
815 2685 982 2770 parcendo
998 2692 1148 2749 nontam
1171 2705 1228 2768 op·

201 2778 239 2836 31
251 2769 329 2854 pido
351 2790 386 2832 se
401 2769 623 2851 consuluisse,
641 2793 739 2856 quam
756 2770 916 2833 exercitui
931 2791 1002 2834 suo.
1038 2767 1122 2832 Inde
1137 2790 1228 2833 mon·

251 2852 474 2916 tesDaedalos
485 2876 654 2954 regnaque
663 2853 855 2939 Cleopbidis
864 2855 998 2940 reginae
1009 2854 1101 2937 petit
1123 2852 1227 2954 Quae,

201 3031 242 3089 32
251 2936 869 3110 ltdlangrsaetadldtllltlsdlurlliiraedlddlunuirl
874 2938 1228 3106 nkllrealeaddpldrltlactlgletl

251 3107 454 3189 altitudinis,
474 3109 509 3172 in
530 3109 620 3194 quod
634 3109 730 3172 multi
740 3109 858 3193 populi
872 3109 1098 3192 confugerant,
1114 3129 1229 3192 perre-

252 3195 365 3273 nisset‚
381 3194 560 3278 cognoscit,
574 3193 753 3259 Herculem
770 3193 811 3256 ab
821 3194 1068 3279 expugnatione
1080 3193 1228 3279 ejusdem

253 3279 325 3342 saxi
354 3287 462 3342 terrae
491 3287 583 3342 motu
611 3277 814 3366 prohibitum
842 3300 923 3342 esse.
974 3277 1099 3364 Captus
1126 3278 1138 3340 i
1164 3277 1230 3340 ’tur

253 3362 423 3445 cupidine,
439 3362 594 3427 Herculis
609 3371 683 3426 acta
698 3385 864 3448 superare,
880 3385 956 3426 cum
972 3371 1100 3426 summo
1116 3362 1149 3425 la
1174 3383 1228 3426 ore

253 3467 292 3509 ac
311 3447 458 3532 periculo
478 3449 601 3533 potitus
617 3469 715 3529 suo,
738 3470 851 3512 omnes
874 3448 939 3511 loci
954 3457 1068 3533 gentes
1088 3447 1124 3510 in
1140 3446 1229 3510 dedi·

252 3533 376 3594 tionem
392 3534 523 3618 accipit.
