<?xml version="1.0" encoding="UTF-8"?>
<!DOCTYPE html PUBLIC "-//W3C//DTD XHTML 1.0 Transitional//EN"
    "http://www.w3.org/TR/xhtml1/DTD/xhtml1-transitional.dtd">
<html xmlns="http://www.w3.org/1999/xhtml" xml:lang="en" lang="en">
 <head>
  <title>
</title>
<meta http-equiv="Content-Type" content="text/html;charset=utf-8" />
  <meta name='ocr-system' content='tesseract 3.04.00' />
  <meta name='ocr-capabilities' content='ocr_page ocr_carea ocr_par ocr_line ocrx_word'/>
</head>
<body>
  <div class='ocr_page' id='page_1' title='image "./historiarumlibr00eitngoog/historiarumlibr00eitngoog_0106.png"; bbox 0 0 2666 4246; ppageno 0'>
   <div class='ocr_carea' id='block_1_1' title="bbox 489 371 672 426">
    <p class='ocr_par' dir='ltr' id='par_1_1' title="bbox 489 371 672 426">
     <span class='ocr_line' id='line_1_1' title="bbox 489 371 672 426; baseline 0 -2"><span class='ocrx_word' id='word_1_1' title='bbox 489 371 597 426; x_wconf 80' lang='lat' dir='ltr'>LIBER</span> <span class='ocrx_word' id='word_1_2' title='bbox 614 373 672 426; x_wconf 81' lang='lat' dir='ltr'>XV.</span> 
     </span>
    </p>
   </div>
   <div class='ocr_carea' id='block_1_2' title="bbox 195 525 972 682">
    <p class='ocr_par' dir='ltr' id='par_1_2' title="bbox 195 525 972 682">
     <span class='ocr_line' id='line_1_2' title="bbox 195 525 972 682; baseline 0.006 -19"><span class='ocrx_word' id='word_1_3' title='bbox 195 573 295 664; x_wconf 73' lang='lat' dir='ltr'>eorus</span> <span class='ocrx_word' id='word_1_4' title='bbox 312 607 456 664; x_wconf 62' lang='lat' dir='ltr'>inetur.</span> <span class='ocrx_word' id='word_1_5' title='bbox 491 525 667 667; x_wconf 35' lang='lat' dir='ltr'>inberbi&amp;</span> <span class='ocrx_word' id='word_1_6' title='bbox 683 613 816 670; x_wconf 73' lang='lat' dir='ltr'>rourum</span> <span class='ocrx_word' id='word_1_7' title='bbox 832 613 972 682; x_wconf 67' lang='lat' dir='ltr'>puseus.</span> 
     </span>
    </p>
   </div>
   <div class='ocr_carea' id='block_1_3' title="bbox 15 693 1218 3515">
    <p class='ocr_par' dir='ltr' id='par_1_3' title="bbox 15 693 1218 3515">
     <span class='ocr_line' id='line_1_3' title="bbox 156 693 1125 779; baseline 0.004 -20"><span class='ocrx_word' id='word_1_8' title='bbox 156 693 255 760; x_wconf 87' lang='lat' dir='ltr'>Unus</span> <span class='ocrx_word' id='word_1_9' title='bbox 271 716 313 758; x_wconf 85' lang='lat' dir='ltr'>ex</span> <span class='ocrx_word' id='word_1_10' title='bbox 328 693 465 779; x_wconf 82' lang='lat' dir='ltr'>regibus</span> <span class='ocrx_word' id='word_1_11' title='bbox 478 694 637 762; x_wconf 87' lang='lat' dir='ltr'><strong>Indorum</strong></span> <span class='ocrx_word' id='word_1_12' title='bbox 652 697 725 777; x_wconf 83' lang='lat' dir='ltr'>fuit,</span> <span class='ocrx_word' id='word_1_13' title='bbox 747 700 853 764; x_wconf 89' lang='lat' dir='ltr'>Porus</span> <span class='ocrx_word' id='word_1_14' title='bbox 868 699 1012 779; x_wconf 89' lang='lat' dir='ltr'>nomine,</span> <span class='ocrx_word' id='word_1_15' title='bbox 1027 699 1075 762; x_wconf 90' lang='lat' dir='ltr'>vi-</span> <span class='ocrx_word' id='word_1_16' title='bbox 1085 705 1125 765; x_wconf 82' lang='lat'>33</span> 
     </span>
     <span class='ocr_line' id='line_1_4' title="bbox 92 779 1075 870; baseline 0.006 -28"><span class='ocrx_word' id='word_1_17' title='bbox 92 779 184 844; x_wconf 86' lang='lat' dir='ltr'>ribus</span> <span class='ocrx_word' id='word_1_18' title='bbox 200 780 347 864; x_wconf 88' lang='lat' dir='ltr'>eorporis</span> <span class='ocrx_word' id='word_1_19' title='bbox 370 789 403 843; x_wconf 91' lang='lat' dir='ltr'>et</span> <span class='ocrx_word' id='word_1_20' title='bbox 425 780 527 844; x_wconf 87' lang='lat' dir='ltr'>enimi</span> <span class='ocrx_word' id='word_1_21' title='bbox 542 781 770 868; x_wconf 76' lang='lat' dir='ltr'>magnitudine</span> <span class='ocrx_word' id='word_1_22' title='bbox 785 785 909 870; x_wconf 85' lang='lat' dir='ltr'>pariter</span> <span class='ocrx_word' id='word_1_23' title='bbox 922 784 1075 868; x_wconf 82' lang='lat' dir='ltr'>insignis,</span> 
     </span>
     <span class='ocr_line' id='line_1_5' title="bbox 92 851 1100 954; baseline 0.003 -26"><span class='ocrx_word' id='word_1_24' title='bbox 92 865 151 950; x_wconf 91' lang='lat' dir='ltr'>qui</span> <span class='ocrx_word' id='word_1_25' title='bbox 164 864 293 929; x_wconf 91' lang='lat' dir='ltr'>bellum</span> <span class='ocrx_word' id='word_1_26' title='bbox 302 865 514 952; x_wconf 78' lang='lat' dir='ltr'>jampridem,</span> <span class='ocrx_word' id='word_1_27' title='bbox 530 866 643 932; x_wconf 84' lang='lat' dir='ltr'>audita</span> <span class='ocrx_word' id='word_1_28' title='bbox 656 851 843 933; x_wconf 85' lang='lat' dir='ltr'>Alexandri</span> <span class='ocrx_word' id='word_1_29' title='bbox 858 870 1024 954; x_wconf 85' lang='lat' dir='ltr'>opinione,</span> <span class='ocrx_word' id='word_1_30' title='bbox 1039 869 1075 932; x_wconf 89' lang='lat' dir='ltr'>in</span> <span class='ocrx_word' id='word_1_31' title='bbox 1097 945 1100 954; x_wconf 88' lang='lat'>.</span> 
     </span>
     <span class='ocr_line' id='line_1_6' title="bbox 92 949 1087 1040; baseline 0.006 -27"><span class='ocrx_word' id='word_1_32' title='bbox 92 949 275 1014; x_wconf 86' lang='lat' dir='ltr'>adventum</span> <span class='ocrx_word' id='word_1_33' title='bbox 301 951 371 1036; x_wconf 82' lang='lat' dir='ltr'>ejus</span> <span class='ocrx_word' id='word_1_34' title='bbox 400 950 548 1035; x_wconf 80' lang='lat' dir='ltr'>parabat.</span> <span class='ocrx_word' id='word_1_35' title='bbox 594 952 778 1018; x_wconf 81' lang='lat' dir='ltr'>Commisso</span> <span class='ocrx_word' id='word_1_36' title='bbox 807 957 920 1040; x_wconf 88' lang='lat' dir='ltr'>itaque</span> <span class='ocrx_word' id='word_1_37' title='bbox 948 955 1087 1040; x_wconf 82' lang='lat' dir='ltr'>proelio</span> 
     </span>
     <span class='ocr_line' id='line_1_7' title="bbox 90 1035 1218 1126; baseline 0.005 -28"><span class='ocrx_word' id='word_1_38' title='bbox 90 1037 277 1100; x_wconf 88' lang='lat' dir='ltr'>exercitum</span> <span class='ocrx_word' id='word_1_39' title='bbox 285 1035 588 1124; x_wconf 81' lang='lat' dir='ltr'>suumMacedones</span> <span class='ocrx_word' id='word_1_40' title='bbox 596 1038 755 1103; x_wconf 88' lang='lat' dir='ltr'>invadere</span> <span class='ocrx_word' id='word_1_41' title='bbox 762 1039 872 1126; x_wconf 83' lang='lat' dir='ltr'>jubet3</span> <span class='ocrx_word' id='word_1_42' title='bbox 889 1039 953 1102; x_wconf 89' lang='lat' dir='ltr'>sibi</span> <span class='ocrx_word' id='word_1_43' title='bbox 961 1061 1074 1124; x_wconf 86' lang='lat' dir='ltr'>regem</span> <span class='ocrx_word' id='word_1_44' title='bbox 1122 1077 1124 1085; x_wconf 69' lang='lat'>,</span> <span class='ocrx_word' id='word_1_45' title='bbox 1213 1061 1218 1072; x_wconf 94' lang='lat'>·</span> 
     </span>
     <span class='ocr_line' id='line_1_8' title="bbox 91 1119 1125 1208; baseline 0.01 -26"><span class='ocrx_word' id='word_1_46' title='bbox 91 1142 207 1184; x_wconf 84' lang='lat' dir='ltr'>eorum</span> <span class='ocrx_word' id='word_1_47' title='bbox 237 1121 406 1205; x_wconf 41' lang='lat' dir='ltr'>privatum*</span> <span class='ocrx_word' id='word_1_48' title='bbox 432 1119 560 1185; x_wconf 83' lang='lat' dir='ltr'><strong>hostem</strong></span> <span class='ocrx_word' id='word_1_49' title='bbox 587 1122 744 1208; x_wconf 87' lang='lat' dir='ltr'>deposcit.</span> <span class='ocrx_word' id='word_1_50' title='bbox 787 1125 858 1189; x_wconf 88' lang='lat' dir='ltr'>Nec</span> <span class='ocrx_word' id='word_1_51' title='bbox 883 1124 1076 1188; x_wconf 83' lang='lat' dir='ltr'>Alexander</span> <span class='ocrx_word' id='word_1_52' title='bbox 1085 1133 1125 1192; x_wconf 80' lang='lat'>34</span> 
     </span>
     <span class='ocr_line' id='line_1_9' title="bbox 91 1204 1075 1295; baseline 0.006 -27"><span class='ocrx_word' id='word_1_53' title='bbox 91 1228 228 1290; x_wconf 87' lang='lat' dir='ltr'>pugnae</span> <span class='ocrx_word' id='word_1_54' title='bbox 254 1227 380 1270; x_wconf 90' lang='lat' dir='ltr'>moram</span> <span class='ocrx_word' id='word_1_55' title='bbox 405 1204 498 1289; x_wconf 81' lang='lat' dir='ltr'>fecit3</span> <span class='ocrx_word' id='word_1_56' title='bbox 529 1207 588 1271; x_wconf 89' lang='lat' dir='ltr'>sed</span> <span class='ocrx_word' id='word_1_57' title='bbox 613 1210 721 1293; x_wconf 88' lang='lat' dir='ltr'>prima</span> <span class='ocrx_word' id='word_1_58' title='bbox 749 1210 982 1295; x_wconf 68' lang='lat' dir='ltr'>congressione</span> <span class='ocrx_word' id='word_1_59' title='bbox 1004 1209 1075 1274; x_wconf 86' lang='lat' dir='ltr'>vul·</span> 
     </span>
     <span class='ocr_line' id='line_1_10' title="bbox 90 1293 1074 1378; baseline 0.004 -24"><span class='ocrx_word' id='word_1_60' title='bbox 90 1293 207 1357; x_wconf 77' lang='lat' dir='ltr'>nera&#39;tc</span> <span class='ocrx_word' id='word_1_61' title='bbox 235 1311 334 1376; x_wconf 84' lang='lat' dir='ltr'>equo,</span> <span class='ocrx_word' id='word_1_62' title='bbox 361 1311 463 1376; x_wconf 88' lang='lat' dir='ltr'>quum</span> <span class='ocrx_word' id='word_1_63' title='bbox 489 1314 648 1378; x_wconf 88' lang='lat' dir='ltr'>praeceps</span> <span class='ocrx_word' id='word_1_64' title='bbox 671 1295 714 1358; x_wconf 84' lang='lat' dir='ltr'>ad</span> <span class='ocrx_word' id='word_1_65' title='bbox 740 1304 861 1360; x_wconf 85' lang='lat' dir='ltr'>terrem</span> <span class='ocrx_word' id='word_1_66' title='bbox 888 1295 1074 1378; x_wconf 86' lang='lat' dir='ltr'>decidisset,</span> 
     </span>
     <span class='ocr_line' id='line_1_11' title="bbox 91 1374 1099 1446; baseline 0.005 -7"><span class='ocrx_word' id='word_1_67' title='bbox 91 1398 258 1441; x_wconf 74' lang='lat' dir='ltr'><strong>concursu</strong></span> <span class='ocrx_word' id='word_1_68' title='bbox 270 1374 446 1440; x_wconf 77' lang='lat' dir='ltr'><strong>satellitum</strong></span> <span class='ocrx_word' id='word_1_69' title='bbox 457 1387 616 1444; x_wconf 80' lang='lat' dir='ltr'>servatur.</span> <span class='ocrx_word' id='word_1_70' title='bbox 639 1380 744 1444; x_wconf 88' lang='lat' dir='ltr'>Porus</span> <span class='ocrx_word' id='word_1_71' title='bbox 756 1381 868 1445; x_wconf 87' lang='lat' dir='ltr'>multis</span> <span class='ocrx_word' id='word_1_72' title='bbox 880 1379 1075 1446; x_wconf 88' lang='lat' dir='ltr'>vulneribus</span> <span class='ocrx_word' id='word_1_73' title='bbox 1098 1377 1099 1382; x_wconf 64' lang='grc'>’</span> 
     </span>
     <span class='ocr_line' id='line_1_12' title="bbox 91 1459 1074 1552; baseline 0.003 -27"><span class='ocrx_word' id='word_1_74' title='bbox 91 1461 233 1526; x_wconf 72' lang='lat' dir='ltr'>obrutis</span> <span class='ocrx_word' id='word_1_75' title='bbox 249 1461 386 1546; x_wconf 88' lang='lat' dir='ltr'>capitur.</span> <span class='ocrx_word' id='word_1_76' title='bbox 419 1459 485 1542; x_wconf 82' lang='lat' dir='ltr'>Qui</span> <span class='ocrx_word' id='word_1_77' title='bbox 500 1465 624 1550; x_wconf 80' lang='lat' dir='ltr'>victum</span> <span class='ocrx_word' id='word_1_78' title='bbox 639 1487 675 1529; x_wconf 90' lang='lat' dir='ltr'>se</span> <span class='ocrx_word' id='word_1_79' title='bbox 687 1465 769 1530; x_wconf 88' lang='lat' dir='ltr'>adeo</span> <span class='ocrx_word' id='word_1_80' title='bbox 781 1465 896 1547; x_wconf 85' lang='lat' dir='ltr'>doluit,</span> <span class='ocrx_word' id='word_1_81' title='bbox 912 1477 958 1548; x_wconf 92' lang='lat' dir='ltr'>ut,</span> <span class='ocrx_word' id='word_1_82' title='bbox 971 1487 1074 1552; x_wconf 91' lang='lat' dir='ltr'>quum</span> 
     </span>
     <span class='ocr_line' id='line_1_13' title="bbox 90 1545 1075 1636; baseline 0.004 -26"><span class='ocrx_word' id='word_1_83' title='bbox 90 1545 227 1610; x_wconf 80' lang='lat' dir='ltr'>veuiain</span> <span class='ocrx_word' id='word_1_84' title='bbox 256 1545 297 1611; x_wconf 91' lang='lat' dir='ltr'>ab</span> <span class='ocrx_word' id='word_1_85' title='bbox 324 1547 418 1612; x_wconf 90' lang='lat' dir='ltr'>hoste</span> <span class='ocrx_word' id='word_1_86' title='bbox 447 1549 640 1634; x_wconf 77' lang='lat' dir='ltr'>accepisset,</span> <span class='ocrx_word' id='word_1_87' title='bbox 669 1571 778 1636; x_wconf 91' lang='lat' dir='ltr'>neque</span> <span class='ocrx_word' id='word_1_88' title='bbox 807 1551 918 1616; x_wconf 91' lang='lat' dir='ltr'>cibum</span> <span class='ocrx_word' id='word_1_89' title='bbox 945 1571 1075 1616; x_wconf 89' lang='lat' dir='ltr'>sumere</span> 
     </span>
     <span class='ocr_line' id='line_1_14' title="bbox 90 1632 1074 1721; baseline 0.003 -26"><span class='ocrx_word' id='word_1_90' title='bbox 90 1632 202 1714; x_wconf 89' lang='lat' dir='ltr'>vellet,</span> <span class='ocrx_word' id='word_1_91' title='bbox 225 1653 334 1718; x_wconf 88' lang='lat' dir='ltr'>neque</span> <span class='ocrx_word' id='word_1_92' title='bbox 353 1632 496 1697; x_wconf 80' lang='lat' dir='ltr'>vulnera</span> <span class='ocrx_word' id='word_1_93' title='bbox 517 1636 627 1699; x_wconf 88' lang='lat' dir='ltr'>curari</span> <span class='ocrx_word' id='word_1_94' title='bbox 645 1644 822 1719; x_wconf 85' lang='lat' dir='ltr'>pateretur,</span> <span class='ocrx_word' id='word_1_95' title='bbox 847 1657 1012 1721; x_wconf 83' lang='lat' dir='ltr'>aegreque</span> <span class='ocrx_word' id='word_1_96' title='bbox 1033 1635 1074 1698; x_wconf 85' lang='lat' dir='ltr'>ab</span> 
     </span>
     <span class='ocr_line' id='line_1_15' title="bbox 90 1718 1074 1800; baseline 0.001 -18"><span class='ocrx_word' id='word_1_97' title='bbox 90 1741 129 1782; x_wconf 90' lang='lat' dir='ltr'>eo</span> <span class='ocrx_word' id='word_1_98' title='bbox 145 1719 362 1800; x_wconf 81' lang='lat' dir='ltr'>obtineretur,</span> <span class='ocrx_word' id='word_1_99' title='bbox 378 1719 530 1784; x_wconf 88' lang='lat' dir='ltr'>utvellet</span> <span class='ocrx_word' id='word_1_100' title='bbox 544 1721 666 1784; x_wconf 84' lang='lat' dir='ltr'>vivere.</span> <span class='ocrx_word' id='word_1_101' title='bbox 700 1720 1018 1800; x_wconf 15' lang='lat' dir='ltr'>Quevalexaudcr</span> <span class='ocrx_word' id='word_1_102' title='bbox 1033 1718 1074 1783; x_wconf 92' lang='lat' dir='ltr'>ob</span> 
     </span>
     <span class='ocr_line' id='line_1_16' title="bbox 91 1801 1125 1892; baseline 0.003 -25"><span class='ocrx_word' id='word_1_103' title='bbox 91 1801 252 1869; x_wconf 76' lang='lat' dir='ltr'>honorem</span> <span class='ocrx_word' id='word_1_104' title='bbox 264 1803 394 1892; x_wconf 81' lang='lat' dir='ltr'>virtutis</span> <span class='ocrx_word' id='word_1_105' title='bbox 406 1804 606 1869; x_wconf 86' lang='lat' dir='ltr'>incolumem</span> <span class='ocrx_word' id='word_1_106' title='bbox 618 1807 653 1869; x_wconf 91' lang='lat' dir='ltr'>in</span> <span class='ocrx_word' id='word_1_107' title='bbox 665 1827 805 1890; x_wconf 87' lang='lat' dir='ltr'>regnum</span> <span class='ocrx_word' id='word_1_108' title='bbox 816 1807 953 1870; x_wconf 79' lang='lat' dir='ltr'>remisit.</span> <span class='ocrx_word' id='word_1_109' title='bbox 981 1806 1075 1869; x_wconf 84' lang='lat' dir='ltr'>Duae</span> <span class='ocrx_word' id='word_1_110' title='bbox 1086 1813 1125 1871; x_wconf 82' lang='lat'>35</span> 
     </span>
     <span class='ocr_line' id='line_1_17' title="bbox 90 1887 1075 1972; baseline 0 -18"><span class='ocrx_word' id='word_1_111' title='bbox 90 1889 138 1954; x_wconf 90' lang='lat' dir='ltr'>ibi</span> <span class='ocrx_word' id='word_1_112' title='bbox 154 1891 256 1954; x_wconf 89' lang='lat' dir='ltr'>urbes</span> <span class='ocrx_word' id='word_1_113' title='bbox 269 1887 429 1954; x_wconf 83' lang='lat' dir='ltr'>condidit:</span> <span class='ocrx_word' id='word_1_114' title='bbox 444 1911 547 1954; x_wconf 90' lang='lat' dir='ltr'>unam</span> <span class='ocrx_word' id='word_1_115' title='bbox 557 1891 725 1972; x_wconf 87' lang='lat' dir='ltr'>Nicaeam,</span> <span class='ocrx_word' id='word_1_116' title='bbox 739 1891 876 1954; x_wconf 79' lang='lat' dir='ltr'>alteram</span> <span class='ocrx_word' id='word_1_117' title='bbox 889 1910 931 1954; x_wconf 85' lang='lat' dir='ltr'>ex</span> <span class='ocrx_word' id='word_1_118' title='bbox 941 1892 1075 1954; x_wconf 87' lang='lat' dir='ltr'>nomine</span> 
     </span>
     <span class='ocr_line' id='line_1_18' title="bbox 91 1974 1075 2062; baseline -0.001 -23"><span class='ocrx_word' id='word_1_119' title='bbox 91 1977 170 2062; x_wconf 89' lang='lat' dir='ltr'>eqni</span> <span class='ocrx_word' id='word_1_120' title='bbox 180 1974 397 2059; x_wconf 87' lang='lat' dir='ltr'>Bucephalen</span> <span class='ocrx_word' id='word_1_121' title='bbox 412 1977 553 2040; x_wconf 87' lang='lat' dir='ltr'>vocavit.</span> <span class='ocrx_word' id='word_1_122' title='bbox 587 1976 670 2041; x_wconf 88' lang='lat' dir='ltr'>Inde</span> <span class='ocrx_word' id='word_1_123' title='bbox 680 1976 793 2061; x_wconf 89' lang='lat' dir='ltr'>plures</span> <span class='ocrx_word' id='word_1_124' title='bbox 805 1975 955 2062; x_wconf 89' lang='lat' dir='ltr'>populos,</span> <span class='ocrx_word' id='word_1_125' title='bbox 972 1975 1075 2038; x_wconf 87' lang='lat' dir='ltr'>caesis</span> 
     </span>
     <span class='ocr_line' id='line_1_19' title="bbox 90 2059 1125 2146; baseline 0.003 -22"><span class='ocrx_word' id='word_1_126' title='bbox 90 2081 207 2124; x_wconf 84' lang='lat' dir='ltr'>eorum</span> <span class='ocrx_word' id='word_1_127' title='bbox 237 2059 453 2140; x_wconf 83' lang='lat' dir='ltr'>exercitibus,</span> <span class='ocrx_word' id='word_1_128' title='bbox 472 2072 663 2146; x_wconf 84' lang='lat' dir='ltr'>expugnat.</span> <span class='ocrx_word' id='word_1_129' title='bbox 709 2061 820 2142; x_wconf 78' lang='lat' dir='ltr'>Quum</span> <span class='ocrx_word' id='word_1_130' title='bbox 851 2061 893 2124; x_wconf 88' lang='lat' dir='ltr'>ed</span> <span class='ocrx_word' id='word_1_131' title='bbox 917 2059 1125 2146; x_wconf 83' lang='lat' dir='ltr'>Ouphites36</span> 
     </span>
     <span class='ocr_line' id='line_1_20' title="bbox 90 2146 1074 2234; baseline 0.002 -26"><span class='ocrx_word' id='word_1_132' title='bbox 90 2147 250 2228; x_wconf 82' lang='lat' dir='ltr'>venisset,</span> <span class='ocrx_word' id='word_1_133' title='bbox 267 2146 327 2211; x_wconf 86' lang='lat' dir='ltr'>ubi</span> <span class='ocrx_word' id='word_1_134' title='bbox 340 2167 415 2210; x_wconf 91' lang='lat' dir='ltr'>eum</span> <span class='ocrx_word' id='word_1_135' title='bbox 425 2146 534 2210; x_wconf 87' lang='lat' dir='ltr'>hostes</span> <span class='ocrx_word' id='word_1_136' title='bbox 546 2167 622 2210; x_wconf 92' lang='lat' dir='ltr'>cum</span> <span class='ocrx_word' id='word_1_137' title='bbox 634 2147 753 2233; x_wconf 84' lang='lat' dir='ltr'>viginti</span> <span class='ocrx_word' id='word_1_138' title='bbox 765 2146 913 2211; x_wconf 91' lang='lat' dir='ltr'>millibus</span> <span class='ocrx_word' id='word_1_139' title='bbox 926 2149 1074 2234; x_wconf 88' lang='lat' dir='ltr'>equitum</span> 
     </span>
     <span class='ocr_line' id='line_1_21' title="bbox 90 2228 1075 2317; baseline 0.002 -23"><span class='ocrx_word' id='word_1_140' title='bbox 90 2228 312 2317; x_wconf 82' lang='lat' dir='ltr'>ducentisque</span> <span class='ocrx_word' id='word_1_141' title='bbox 326 2228 474 2316; x_wconf 87' lang='lat' dir='ltr'>peditum</span> <span class='ocrx_word' id='word_1_142' title='bbox 490 2232 755 2316; x_wconf 78' lang='lat' dir='ltr'>opperiebantur,</span> <span class='ocrx_word' id='word_1_143' title='bbox 779 2234 943 2298; x_wconf 87' lang='lat' dir='ltr'>exercitus</span> <span class='ocrx_word' id='word_1_144' title='bbox 958 2233 1075 2312; x_wconf 88' lang='lat' dir='ltr'>omnis,</span> 
     </span>
     <span class='ocr_line' id='line_1_22' title="bbox 91 2317 1075 2405; baseline 0 -25"><span class='ocrx_word' id='word_1_145' title='bbox 91 2339 159 2381; x_wconf 88' lang='lat' dir='ltr'>non</span> <span class='ocrx_word' id='word_1_146' title='bbox 171 2317 283 2381; x_wconf 87' lang='lat' dir='ltr'>minus</span> <span class='ocrx_word' id='word_1_147' title='bbox 295 2317 506 2380; x_wconf 81' lang='lat' dir='ltr'>victoriarum</span> <span class='ocrx_word' id='word_1_148' title='bbox 518 2339 656 2382; x_wconf 87' lang='lat' dir='ltr'>numero</span> <span class='ocrx_word' id='word_1_149' title='bbox 668 2341 768 2405; x_wconf 88' lang='lat' dir='ltr'>quam</span> <span class='ocrx_word' id='word_1_150' title='bbox 780 2317 950 2384; x_wconf 86' lang='lat' dir='ltr'>laboribus</span> <span class='ocrx_word' id='word_1_151' title='bbox 959 2318 1075 2400; x_wconf 77' lang='lat' dir='ltr'>fessus,</span> 
     </span>
     <span class='ocr_line' id='line_1_23' title="bbox 91 2402 1075 2489; baseline 0.001 -23"><span class='ocrx_word' id='word_1_152' title='bbox 91 2402 239 2468; x_wconf 84' lang='lat' dir='ltr'>lacrimis</span> <span class='ocrx_word' id='word_1_153' title='bbox 255 2421 330 2468; x_wconf 86' lang='lat' dir='ltr'>eum</span> <span class='ocrx_word' id='word_1_154' title='bbox 347 2402 557 2489; x_wconf 72' lang='lat' dir='ltr'>deprecatur,</span> <span class='ocrx_word' id='word_1_155' title='bbox 580 2413 674 2481; x_wconf 77' lang='lat' dir='ltr'>finem</span> <span class='ocrx_word' id='word_1_156' title='bbox 696 2411 820 2470; x_wconf 81' lang='lat' dir='ltr'>tandem</span> <span class='ocrx_word' id='word_1_157' title='bbox 844 2410 916 2470; x_wconf 80' lang='lat' dir='ltr'>belli</span> <span class='ocrx_word' id='word_1_158' title='bbox 932 2410 1075 2483; x_wconf 55' lang='lat' dir='ltr'>faceret·</span> 
     </span>
     <span class='ocr_line' id='line_1_24' title="bbox 92 2495 1077 2572; baseline -0.001 -20"><span class='ocrx_word' id='word_1_159' title='bbox 92 2495 267 2570; x_wconf 80' lang='lat' dir='ltr'>aliquando</span> <span class='ocrx_word' id='word_1_160' title='bbox 289 2497 421 2568; x_wconf 78' lang='lat' dir='ltr'>petrice</span> <span class='ocrx_word' id='word_1_161' title='bbox 450 2495 633 2572; x_wconf 75' lang='lat' dir='ltr'>reditusque</span> <span class='ocrx_word' id='word_1_162' title='bbox 661 2499 866 2572; x_wconf 59' lang='lat' dir='ltr'>meminisset·</span> <span class='ocrx_word' id='word_1_163' title='bbox 903 2497 1077 2568; x_wconf 79' lang='lat' dir='ltr'>respiceret</span> 
     </span>
     <span class='ocr_line' id='line_1_25' title="bbox 92 2579 1075 2654; baseline -0.003 -15"><span class='ocrx_word' id='word_1_164' title='bbox 92 2582 221 2639; x_wconf 67' lang='lat' dir='ltr'>nutarem</span> <span class='ocrx_word' id='word_1_165' title='bbox 245 2595 355 2652; x_wconf 80' lang='lat' dir='ltr'>annos,</span> <span class='ocrx_word' id='word_1_166' title='bbox 379 2579 491 2654; x_wconf 79' lang='lat' dir='ltr'>quitus</span> <span class='ocrx_word' id='word_1_167' title='bbox 513 2583 566 2640; x_wconf 77' lang='lat' dir='ltr'>eie</span> <span class='ocrx_word' id='word_1_168' title='bbox 588 2586 685 2639; x_wconf 79' lang='lat' dir='ltr'>cetae</span> <span class='ocrx_word' id='word_1_169' title='bbox 701 2583 746 2640; x_wconf 83' lang='lat' dir='ltr'>ad</span> <span class='ocrx_word' id='word_1_170' title='bbox 757 2582 890 2640; x_wconf 79' lang='lat' dir='ltr'>reditum</span> <span class='ocrx_word' id='word_1_171' title='bbox 905 2580 1075 2652; x_wconf 78' lang='lat' dir='ltr'>sufficeret.</span> 
     </span>
     <span class='ocr_line' id='line_1_26' title="bbox 15 2657 1125 2752; baseline -0.001 -28"><span class='ocrx_word' id='word_1_172' title='bbox 15 2725 19 2752; x_wconf 42' lang='lat'>⁸</span> <span class='ocrx_word' id='word_1_173' title='bbox 93 2657 279 2724; x_wconf 87' lang='lat' dir='ltr'>Ostendere</span> <span class='ocrx_word' id='word_1_174' title='bbox 294 2657 379 2724; x_wconf 85' lang='lat' dir='ltr'>alius</span> <span class='ocrx_word' id='word_1_175' title='bbox 395 2660 561 2740; x_wconf 85' lang='lat' dir='ltr'>canitiem,</span> <span class='ocrx_word' id='word_1_176' title='bbox 584 2659 669 2724; x_wconf 85' lang='lat' dir='ltr'>alins</span> <span class='ocrx_word' id='word_1_177' title='bbox 689 2659 840 2743; x_wconf 84' lang='lat' dir='ltr'>vulnera,</span> <span class='ocrx_word' id='word_1_178' title='bbox 863 2657 947 2723; x_wconf 87' lang='lat' dir='ltr'>alius</span> <span class='ocrx_word' id='word_1_179' title='bbox 971 2667 1076 2722; x_wconf 84' lang='lat' dir='ltr'>aetate</span> <span class='ocrx_word' id='word_1_180' title='bbox 1086 2666 1125 2723; x_wconf 79' lang='lat'>37</span> 
     </span>
     <span class='ocr_line' id='line_1_27' title="bbox 15 2741 1117 2832; baseline -0.002 -22"><span class='ocrx_word' id='word_1_181' title='bbox 15 2825 16 2832; x_wconf 8' lang='grc' dir='ltr'>ἵ</span> <span class='ocrx_word' id='word_1_182' title='bbox 93 2753 292 2829; x_wconf 85' lang='lat' dir='ltr'>consumpta</span> <span class='ocrx_word' id='word_1_183' title='bbox 306 2741 553 2832; x_wconf 74' lang='lat' dir='ltr'>corpora,³elius</span> <span class='ocrx_word' id='word_1_184' title='bbox 568 2745 778 2810; x_wconf 89' lang='lat' dir='ltr'>cicatricibus</span> <span class='ocrx_word' id='word_1_185' title='bbox 794 2744 972 2810; x_wconf 85' lang='lat' dir='ltr'>exhausta:</span> <span class='ocrx_word' id='word_1_186' title='bbox 991 2751 1076 2810; x_wconf 84' lang='lat' dir='ltr'>solos</span> <span class='ocrx_word' id='word_1_187' title='bbox 1115 2821 1117 2828; x_wconf 15' lang='grc' dir='ltr'><em>Α</em></span> 
     </span>
     <span class='ocr_line' id='line_1_28' title="bbox 15 2837 1128 2912; baseline -0.002 -16"><span class='ocrx_word' id='word_1_188' title='bbox 15 2897 16 2906; x_wconf 62' lang='grc'>,</span> <span class='ocrx_word' id='word_1_189' title='bbox 91 2853 127 2896; x_wconf 89' lang='lat' dir='ltr'>se</span> <span class='ocrx_word' id='word_1_190' title='bbox 142 2853 222 2909; x_wconf 84' lang='lat' dir='ltr'>esse,</span> <span class='ocrx_word' id='word_1_191' title='bbox 239 2838 294 2910; x_wconf 80' lang='lat' dir='ltr'>qut</span> <span class='ocrx_word' id='word_1_192' title='bbox 309 2839 440 2896; x_wconf 81' lang='lat' dir='ltr'>ducrum</span> <span class='ocrx_word' id='word_1_193' title='bbox 454 2853 569 2911; x_wconf 72' lang='lat' dir='ltr'>repom,</span> <span class='ocrx_word' id='word_1_194' title='bbox 585 2837 725 2911; x_wconf 74' lang='lat' dir='ltr'>Philippi</span> <span class='ocrx_word' id='word_1_195' title='bbox 738 2837 983 2912; x_wconf 69' lang='lat' dir='ltr'>Alexandrique,</span> <span class='ocrx_word' id='word_1_196' title='bbox 1000 2851 1075 2895; x_wconf 83' lang='lat' dir='ltr'>eoa·</span> <span class='ocrx_word' id='word_1_197' title='bbox 1120 2839 1128 2860; x_wconf 66' lang='lat'><em>³</em></span> 
     </span>
     <span class='ocr_line' id='line_1_29' title="bbox 93 2913 1075 2999; baseline -0.001 -18"><span class='ocrx_word' id='word_1_198' title='bbox 93 2913 212 2983; x_wconf 66' lang='lat' dir='ltr'>stanam</span> <span class='ocrx_word' id='word_1_199' title='bbox 235 2923 375 2982; x_wconf 72' lang='lat' dir='ltr'>militiam</span> <span class='ocrx_word' id='word_1_200' title='bbox 391 2923 589 2997; x_wconf 77' lang='lat' dir='ltr'>pertulerint.</span> <span class='ocrx_word' id='word_1_201' title='bbox 635 2915 785 2981; x_wconf 81' lang='lat' dir='ltr'>Tandem</span> <span class='ocrx_word' id='word_1_202' title='bbox 808 2935 914 2999; x_wconf 88' lang='lat' dir='ltr'>orare,</span> <span class='ocrx_word' id='word_1_203' title='bbox 941 2928 975 2980; x_wconf 79' lang='lat' dir='ltr'>ut</span> <span class='ocrx_word' id='word_1_204' title='bbox 1000 2923 1075 2980; x_wconf 81' lang='lat' dir='ltr'>reli-</span> 
     </span>
     <span class='ocr_line' id='line_1_30' title="bbox 94 3009 1074 3092; baseline -0.004 -24"><span class='ocrx_word' id='word_1_205' title='bbox 94 3011 187 3092; x_wconf 75' lang='lat' dir='ltr'>quias</span> <span class='ocrx_word' id='word_1_206' title='bbox 208 3009 320 3067; x_wconf 81' lang='lat' dir='ltr'>saltem</span> <span class='ocrx_word' id='word_1_207' title='bbox 339 3009 579 3082; x_wconf 67' lang='lat' dir='ltr'>recuperemus</span> <span class='ocrx_word' id='word_1_208' title='bbox 607 3009 763 3082; x_wconf 73' lang='lat' dir='ltr'>sepulcris</span> <span class='ocrx_word' id='word_1_209' title='bbox 790 3009 917 3080; x_wconf 79' lang='lat' dir='ltr'>reddat,</span> <span class='ocrx_word' id='word_1_210' title='bbox 946 3009 1074 3082; x_wconf 78' lang='lat' dir='ltr'>quorum</span> 
     </span>
     <span class='ocr_line' id='line_1_31' title="bbox 15 3091 1074 3176; baseline -0.002 -24"><span class='ocrx_word' id='word_1_211' title='bbox 15 3129 16 3176; x_wconf 62' lang='lat'>5</span> <span class='ocrx_word' id='word_1_212' title='bbox 94 3111 157 3154; x_wconf 79' lang='lat' dir='ltr'>noa</span> <span class='ocrx_word' id='word_1_213' title='bbox 179 3100 245 3153; x_wconf 84' lang='lat' dir='ltr'>tom</span> <span class='ocrx_word' id='word_1_214' title='bbox 265 3094 379 3154; x_wconf 75' lang='lat' dir='ltr'>studiis</span> <span class='ocrx_word' id='word_1_215' title='bbox 394 3096 559 3165; x_wconf 75' lang='lat' dir='ltr'>deficiatur</span> <span class='ocrx_word' id='word_1_216' title='bbox 575 3108 667 3166; x_wconf 79' lang='lat' dir='ltr'>quam</span> <span class='ocrx_word' id='word_1_217' title='bbox 683 3095 795 3163; x_wconf 58' lang='lat' dir='ltr'>eante·</span> <span class='ocrx_word' id='word_1_218' title='bbox 817 3095 978 3151; x_wconf 81' lang='lat' dir='ltr'>acsi-noa</span> <span class='ocrx_word' id='word_1_219' title='bbox 994 3091 1074 3150; x_wconf 80' lang='lat' dir='ltr'><strong><em>mili·</em></strong></span> 
     </span>
     <span class='ocr_line' id='line_1_32' title="bbox 15 3177 1076 3252; baseline -0.006 -14"><span class='ocrx_word' id='word_1_220' title='bbox 15 3181 16 3228; x_wconf 70' lang='lat' dir='ltr'>l</span> <span class='ocrx_word' id='word_1_221' title='bbox 94 3180 191 3252; x_wconf 75' lang='lat' dir='ltr'>tibus,</span> <span class='ocrx_word' id='word_1_222' title='bbox 220 3181 270 3238; x_wconf 83' lang='lat' dir='ltr'>vel</span> <span class='ocrx_word' id='word_1_223' title='bbox 295 3181 363 3252; x_wconf 83' lang='lat' dir='ltr'>tpse</span> <span class='ocrx_word' id='word_1_224' title='bbox 390 3180 453 3239; x_wconf 75' lang='lat' dir='ltr'>sibi</span> <span class='ocrx_word' id='word_1_225' title='bbox 472 3183 601 3252; x_wconf 80' lang='lat' dir='ltr'>parcet,</span> <span class='ocrx_word' id='word_1_226' title='bbox 630 3195 672 3238; x_wconf 80' lang='lat' dir='ltr'>ne</span> <span class='ocrx_word' id='word_1_227' title='bbox 690 3178 851 3250; x_wconf 82' lang='lat' dir='ltr'>fortunam</span> <span class='ocrx_word' id='word_1_228' title='bbox 873 3191 962 3234; x_wconf 83' lang='lat' dir='ltr'>suam</span> <span class='ocrx_word' id='word_1_229' title='bbox 983 3177 1076 3234; x_wconf 80' lang='lat' dir='ltr'>nimis</span> 
     </span>
     <span class='ocr_line' id='line_1_33' title="bbox 15 3253 1126 3346; baseline -0.004 -21"><span class='ocrx_word' id='word_1_230' title='bbox 15 3279 17 3298; x_wconf 72' lang='lat'>³</span> <span class='ocrx_word' id='word_1_231' title='bbox 95 3266 258 3324; x_wconf 64' lang='lat' dir='ltr'>obeundo</span> <span class='ocrx_word' id='word_1_232' title='bbox 271 3264 396 3338; x_wconf 65' lang='lat' dir='ltr'>satiust.</span> <span class='ocrx_word' id='word_1_233' title='bbox 426 3256 535 3344; x_wconf 83' lang='lat' dir='ltr'>Motus</span> <span class='ocrx_word' id='word_1_234' title='bbox 551 3255 602 3322; x_wconf 90' lang='lat' dir='ltr'>his</span> <span class='ocrx_word' id='word_1_235' title='bbox 617 3267 683 3324; x_wconf 90' lang='lat' dir='ltr'>tam</span> <span class='ocrx_word' id='word_1_236' title='bbox 691 3257 795 3346; x_wconf 89' lang='lat' dir='ltr'>justis</span> <span class='ocrx_word' id='word_1_237' title='bbox 806 3254 969 3342; x_wconf 84' lang='lat' dir='ltr'>precibus,</span> <span class='ocrx_word' id='word_1_238' title='bbox 984 3253 1078 3318; x_wconf 87' lang='lat' dir='ltr'>velut</span> <span class='ocrx_word' id='word_1_239' title='bbox 1086 3263 1126 3322; x_wconf 84' lang='lat'>38</span> 
     </span>
     <span class='ocr_line' id='line_1_34' title="bbox 95 3337 1077 3427; baseline -0.003 -20"><span class='ocrx_word' id='word_1_240' title='bbox 95 3347 129 3408; x_wconf 89' lang='lat' dir='ltr'>in</span> <span class='ocrx_word' id='word_1_241' title='bbox 144 3344 248 3408; x_wconf 90' lang='lat' dir='ltr'>finem</span> <span class='ocrx_word' id='word_1_242' title='bbox 268 3343 436 3423; x_wconf 87' lang='lat' dir='ltr'>victoriae,</span> <span class='ocrx_word' id='word_1_243' title='bbox 450 3351 565 3408; x_wconf 89' lang='lat' dir='ltr'>&#39;castra</span> <span class='ocrx_word' id='word_1_244' title='bbox 584 3341 680 3426; x_wconf 79' lang='lat' dir='ltr'>solito</span> <span class='ocrx_word' id='word_1_245' title='bbox 701 3337 990 3427; x_wconf 44' lang='lat' dir='ltr'>inagnifieentiora,</span> <span class='ocrx_word' id='word_1_246' title='bbox 1004 3339 1077 3404; x_wconf 87' lang='lat' dir='ltr'>fieri</span> 
     </span>
     <span class='ocr_line' id='line_1_35' title="bbox 95 3421 1096 3515; baseline -0.005 -21"><span class='ocrx_word' id='word_1_247' title='bbox 95 3421 205 3513; x_wconf 75' lang='lat' dir='ltr'>iussit,</span> <span class='ocrx_word' id='word_1_248' title='bbox 234 3421 355 3515; x_wconf 84' lang='lat' dir='ltr'>quibus</span> <span class='ocrx_word' id='word_1_249' title='bbox 382 3427 609 3493; x_wconf 88' lang='lat' dir='ltr'>molitionibus</span> <span class='ocrx_word' id='word_1_250' title='bbox 636 3436 669 3491; x_wconf 91' lang='lat' dir='ltr'>et</span> <span class='ocrx_word' id='word_1_251' title='bbox 694 3425 798 3492; x_wconf 90' lang='lat' dir='ltr'>hostis</span> <span class='ocrx_word' id='word_1_252' title='bbox 824 3434 1014 3508; x_wconf 89' lang='lat' dir='ltr'>terreretur,</span> <span class='ocrx_word' id='word_1_253' title='bbox 1030 3423 1096 3490; x_wconf 57' lang='lat' dir='ltr'>et&lt;</span> 
     </span>
    </p>
   </div>
   <div class='ocr_carea' id='block_1_4' title="bbox 15 3509 1175 3810">
    <p class='ocr_par' dir='ltr' id='par_1_4' title="bbox 15 3509 1175 3674">
     <span class='ocr_line' id='line_1_36' title="bbox 15 3509 1175 3612; baseline -0.008 -30"><span class='ocrx_word' id='word_1_254' title='bbox 15 3519 17 3612; x_wconf 64' lang='lat' dir='ltr'>l</span> <span class='ocrx_word' id='word_1_255' title='bbox 96 3516 236 3604; x_wconf 86' lang='lat' dir='ltr'>posteris</span> <span class='ocrx_word' id='word_1_256' title='bbox 264 3509 436 3578; x_wconf 76' lang='lat' dir='ltr'>adminstio</span> <span class='ocrx_word' id='word_1_257' title='bbox 460 3515 511 3580; x_wconf 86' lang='lat' dir='ltr'>sui</span> <span class='ocrx_word' id='word_1_258' title='bbox 534 3512 785 3598; x_wconf 88' lang='lat' dir='ltr'>relinqueretur.</span> <span class='ocrx_word' id='word_1_259' title='bbox 828 3511 967 3577; x_wconf 90' lang='lat' dir='ltr'>Nullum</span> <span class='ocrx_word' id='word_1_260' title='bbox 981 3521 1077 3596; x_wconf 87' lang='lat' dir='ltr'>opus</span> <span class='ocrx_word' id='word_1_261' title='bbox 1173 3579 1175 3583; x_wconf 68' lang='lat'>,</span> 
     </span>
     <span class='ocr_line' id='line_1_37' title="bbox 15 3613 1025 3674; baseline -0.007 0"><span class='ocrx_word' id='word_1_262' title='bbox 15 3627 16 3674; x_wconf 82' lang='lat' dir='ltr'>l</span> <span class='ocrx_word' id='word_1_263' title='bbox 464 3629 468 3637; x_wconf 89' lang='grc'><strong>’</strong></span> <span class='ocrx_word' id='word_1_264' title='bbox 904 3613 919 3665; x_wconf 75' lang='lat' dir='ltr'>&#39;l</span> <span class='ocrx_word' id='word_1_265' title='bbox 1022 3663 1025 3669; x_wconf 84' lang='lat'>.</span> 
     </span>
    </p>

    <p class='ocr_par' dir='ltr' id='par_1_5' title="bbox 15 3675 17 3716">
     <span class='ocr_line' id='line_1_38' title="bbox 15 3675 17 3716; baseline 0 0"><span class='ocrx_word' id='word_1_266' title='bbox 15 3675 17 3716; x_wconf 70' lang='lat' dir='ltr'>t</span> 
     </span>
    </p>

    <p class='ocr_par' dir='ltr' id='par_1_6' title="bbox 15 3774 16 3810">
     <span class='ocr_line' id='line_1_39' title="bbox 15 3774 16 3810; baseline 0 -6"><span class='ocrx_word' id='word_1_267' title='bbox 15 3774 16 3810; x_wconf 79' lang='lat' dir='ltr'>l</span> 
     </span>
    </p>
   </div>
   <div class='ocr_carea' id='block_1_5' title="bbox 0 0 1342 4246">
    <p class='ocr_par' dir='ltr' id='par_1_7' title="bbox 0 0 1342 4246">
     <span class='ocr_line' id='line_1_40' title="bbox 0 0 1342 4246; baseline 0 0"><span class='ocrx_word' id='word_1_268' title='bbox 0 0 1342 4246; x_wconf 95' lang='lat' dir='ltr'> </span> 
     </span>
    </p>
   </div>
  </div>
 </body>
</html>
