2678 4246
507 305 616 358 LIBER
633 305 759 354 XXXIII.
1081 301 1118 361 71

129 455 360 542 prehensique
375 455 530 543 pestifera
545 455 600 520 lue
616 463 733 535 essent,
756 477 823 519 non
839 457 930 540 prius
947 454 1119 520 sanitatem

130 563 392 626 recuperavere,
424 563 523 628 quam
554 539 769 625 haruspicum
798 541 964 625 responsis
992 541 1118 622 moniti,

132 647 255 689 aurum
279 636 520 714 argentumque
540 625 637 690 bellis
660 625 841 710 sacrilegiis
866 647 908 688 ue
933 628 1118 712 quaesitum

130 713 172 774 in
189 711 402 776 Toloseneem
424 711 533 774 lacum
557 719 752 795 mergerent,
777 648 865 796 quoi
885 731 981 775 omne
997 733 1117 796 magno

134 806 212 881 post
223 795 511 882 temporeanpio,
524 796 691 860 Romanus
704 795 830 876 consul,
844 795 987 860 abstulit
1009 796 1117 860 Fuere

132 890 247 946 autem
261 883 389 967 argenti
400 881 510 968 pondo
522 891 654 945 centum
667 880 778 944 decem
791 879 906 962 millia,
923 881 995 945 auri
1006 881 1117 965 pondo
1148 933 1151 942 .

135 967 316 1054 quinquies
340 967 448 1031 decies
470 976 603 1030 eentum
625 965 740 1029 millia.
786 965 884 1046 Quod
907 964 1116 1051 sacrilegium

129 1073 239 1115 causa
258 1051 380 1116 excidii
395 1051 463 1121 an
487 1053 555 1116 ioni
578 1051 805 1137 exercituique
825 1053 896 1138 ejus
913 1061 1032 1136 ‘postea
1046 1052 1116 1117 fuit.
1184 1059 1256 1120 105.
1315 1117 1316 1128 ,

125 1137 302 1201 Romanos
317 1157 453 1224 quoque
463 1073 623 1201 {imbrici
638 1135 718 1201 belli
731 1136 902 1216 amalus,
924 1136 1016 1202 velut
1030 1137 1118 1202 ultor
1129 1146 1167 1204 15

130 1243 253 1286 sacrae
267 1224 439 1306 pecuniae,
454 1223 624 1286 insecutus
639 1231 697 1286 est.
715 1252 718 1258 ·
738 1221 793 1284 Ex
808 1231 906 1306 gente
922 1222 1117 1308 Tectosago-

131 1319 294 1371 rum-'non
313 1307 488 1372 mediocris
503 1307 803 1456 populuslpraedae
819 1306 996 1372 dulcedine
1010 1307 1117 1394 Illyri-

127 1393 396 1476 cumrepetivit,
419 1392 635 1479 spoliatisque
668 1393 742 1456 stris
761 1393 797 1456 in
812 1391 987 1456 Pannonia
1006 1415 1117 1458 conse·

134 1477 195 1542 dit.
234 1476 391 1560 Istrorum
414 1487 555 1562 gentem,
578 1479 666 1542 i'ama
686 1486 743 1560 est,
767 1479 929 1562 originem
949 1477 1166 1543 aOolohis16

130 1563 266 1642 ducere,
282 1564 390 1627 missis
405 1562 447 1626 ab
462 1563 567 1628 Aeeta
581 1563 718 1648 regead
729 1563 940 1650 Argonautas
956 1573 1116 1648 raptores-

157 1669 201 1712 ue
221 1647 311 1712 filiae
331 1647 592 1734 persequendum
618 1650 676 1734 qui
698 1657 735 1712 ut
756 1649 897 1714 aPonto
910 1649 1117 1712 intraverunt

129 1671 267 1814 istrum,
288 1733 384 1798 alveo
399 1733 480 1798 Sari
504 1733 651 1798 fluminis
673 1733 804 1818 penitus
819 1734 952 1814 invecti,
976 1735 1116 1819 vestigia

131 1819 409 1903 Argonautarum,
428 1819 640 1904 insequentes
664 1839 766 1882 naves
789 1841 867 1884 suas
888 1818 1036 1882 humeris
1057 1841 1116 1906 per

128 1905 215 1988 iuga
232 1905 522 1989 montium-usque
533 1905 586 1968 *ad
602 1903 680 1968 litus
694 1901 880 1968 Hadriatici
894 1905 996 1970 maris
1012 1911 1115 1969 trans-

130 1988 297 2070 tulerunt,
320 1989 471 2074 cognito,
493 1988 706 2074 Argonautas
728 1989 816 2056 idem
840 1999 976 2075 propter
990 1991 1116 2074 magni·

127 2073 283 2138 tudinem
307 2075 403 2138 navis
453 2076 557 2140 riores
583 2075 711 2138 fecisse.
756 2073 847 2154 Quos
872 2095 977 2160 quum
1000 2075 1116 2142 Oolohi

132 2180 202 2224 non
224 2095 622 2244 reperirenalivemetu
645 2161 748 2244 regis,
771 2161 841 2224 sive
864 2161 973 2226 taedio
996 2161 1115 2246 longae

131 2245 355 2393 navigationis
377 2245 476 2330 juxta
498 2244 687 2332 Aquilejam
710 2245 888 2310 consedere
911 2245 1054 2331 Istrique
1074 2269 1114 2312 ex

128 2351 216 2394 roos
240 2328 295 2393 ulo
314 2329 437 2410 amnis,
461 2351 527 2416 quo
549 2353 569 2394 a
592 2331 675 2394 mari
689 2340 919 2396 conuenerant
925 2380 934 2412 ,
958 2331 1116 2418 appellati

129 2424 220 2480 eunt.
597 2433 600 2438 “
660 2457 663 2464 -
718 2449 720 2456 ·

197 2500 283 2563 Daci
306 2519 438 2585 quoque
461 2499 593 2567 suboles
617 2501 776 2565 Getarum
799 2508 893 2581 sunt,
921 2503 978 2587 qui
1001 2509 1166 2588 quum,17

131 2584 235 2651 Orole
256 2604 344 2670 rege,
367 2583 525 2649 adversus
541 2585 719 2650 Bastarnas
732 2584 820 2650 male
835 2595 1048 2671 pugnassent,
1073 2587 1115 2651 ad

131 2669 293 2734 ultionem
309 2665 469 2754 segnitiae
479 2672 610 2755 capturi
621 2691 774 2736 somnum
786 2673 895 2756 capita
906 2670 978 2736 loco
991 2672 1114 2759 pedum

157 2777 258 2820 onere
275 2756 373 2842 jussu
396 2757 484 2840 regis
506 2755 717 2842 cogebantur,
740 2757 989 2844 ministeriaque
1005 2759 1114 2822 uxori-

132 2777 207 2922 llus,
231 2862 316 2927 quae
337 2839 540 2924 ipsis‘antea
563 2841 635 2905 fieri
651 2841 812 2922 solebant,
828 2843 954 2907 «lacere.
998 2843 1114 2930 Neque

131 2926 216 2991 haec
229 2934 447 3008 ante'mutata
463 2935 549 3007 sunt,
574 2947 673 3014 quam
689 2925 906 3011 ignominiam
921 2928 1009 2994 bello
1025 2951 1114 2992 acoe-

128 3021 222 3098 ptam
245 3013 367 3075 virtute
389 3011 547 3076 delerent.
592 3011 718 3077 Omnes
741 3011 801 3076 has
824 3024 938 3098 gentes
962 3014 1113 3094 Perseus,
1126 3019 1164 3077 18

28 3105 32 3112 '
155 3119 236 3160 uum
257 3097 397 3181 imperio
412 3097 568 3182 Philippi<
583 3097 686 3184 patris
707 3101 929 3176 successisset,
953 3098 1112 3164 adversus

161 3197 298 3247 omanos
313 3183 348 3245 in
364 3183 551 3248 societatem
567 3181 648 3248 belli
663 3182 871 3248 sollicitabat.

552 3291 628 3390 CllP.
647 3339 694 3390 IV.

468 3420 647 3476 Hannibalis
667 3421 778 3478 exitus.

195 3523 332 3587 interim
355 3523 442 3612 inter
456 3521 608 3587 Prusiam
625 3545 747 3610 regem,
771 3523 813 3588 ad
830 3545 928 3610 quem
943 3523 1113 3588 Hannibal
1126 3532 1164 3588 19
