2658 4244
512 335 620 387 mrsu
637 337 660 387 1.
677 330 713 386 11:
1079 333 1098 398 3

122 487 336 570 praepositus,
350 488 484 550 nomine
494 487 652 566 Arbeces,
669 509 772 572 quum
788 485 917 552 admitti
933 509 1032 572 aegre
1043 486 1098 551 ob-

122 571 279 651 tinuisset,
294 571 423 636 invenit
438 595 513 635 eum
529 574 616 636 inter
630 572 826 636 feminarum
843 593 960 656 greges
975 595 1099 656 purpu-

123 677 184 718 ram
209 654 283 720 colo
302 665 435 722 nentem
459 665 491 720 et
511 656 666 722 muliebri
685 656 801 720 habitu
817 679 920 742 pense
934 659 1021 720 inter
1036 659 1100 722 vir·

122 741 211 823 gines
226 744 434 826 partientem.
474 740 686 827 indignatus,
710 742 768 805 tali
791 741 934 806 feminae
949 751 996 805 tot
1011 743 1150 812 viros15

121 825 282 912 subjectos
300 849 380 908 esse,
398 830 617 912 tractantique
629 827 739 891 lanam
751 827 872 890 ferrum
886 836 918 892 et
929 849 1100 912 armapor·

121 918 222 975 tentes
246 933 381 996 parere,
402 919 594 996 progressus
611 911 654 975 ad
669 913 792 993 socios,
809 911 891 997 quid
905 912 1035 993 viderit,
1053 934 1101 976 re-

121 994 193 1080 fert5
216 1006 332 1081 negat,
348 1019 383 1060 se
400 999 430 1060 ei
445 1019 564 1082 parere
575 1019 687 1080 posse,
713 998 769 1082 qui
786 1019 821 1060 se
836 997 991 1060 seminam
1008 997 1102 1060 malit

122 1102 199 1160 esse,
217 1104 318 1167 quam
334 1083 454 1145 virum.
484 1083 540 1148 Fit
553 1083 656 1167 igitur
671 1083 870 1168 conjurati03
887 1082 1011 1146 bellum
1028 1081 1100 1146 sar-
1112 1095 1151 1151 16

121 1165 283 1250 danapalo
304 1167 452 1230 infertur.
495 1167 569 1247 Quo
592 1166 720 1242 audito,
748 1167 805 1230 ille
828 1167 935 1251 primo
958 1166 1100 1231 latebras

120 1252 358 1338 circumspicit,
382 1274 460 1317 mox
483 1252 602 1316 deinde
626 1274 701 1316 cum
726 1253 841 1336 paucis
859 1261 891 1316 et
905 1253 1101 1336 incomposi-

121 1338 159 1400 tis
182 1339 217 1400 in
242 1336 368 1402 bellum
384 1337 603 1422 progreditur.
639 1338 755 1401 Victus
774 1336 810 1400 in
830 1338 955 1421 regiam
971 1359 1006 1400 se
1022 1338 1100 1400 reci·

120 1423 175 1505 pit,
198 1421 258 1486 ubi
281 1431 450 1487 exstructa
468 1424 604 1489 incensa
629 1445 670 1488 ue
692 1445 785 1570 pyra,
811 1431 843 1486 et
865 1444 899 1486 se
920 1432 952 1486 et
968 1421 1101 1486 divitias

121 1529 194 1571 suas
210 1509 245 1572 in
261 1506 455 1574 incendium
471 1509 577 1572 mittit.
646 1517 697 1572 ost
736 1508 1152 1576 uncrexconstituitur17

121 1593 225 1656 victor
248 1595 320 1680 ejus
341 1592 504 1673 Arbaces,
528 1596 585 1679 qui
608 1595 785 1678 imperium
816 1592 857 1656 ab
883 1593 1030 1677 Assyriis
1060 1593 1104 1656 ad

121 1676 233 1742 Medos
248 1679 413 1745 transfert.
1164 1755 1182 1799 c
1202 1737 1268 1796 383

532 1801 687 1812 *ιι-συ*

502 1901 648 1974 LIBER
675 1899 720 1971 ΙΙ.

279 2026 482 2096 Medorum
509 2045 555 2096 ac
581 2024 789 2095 Persarum
817 2041 949 2112 regna.

556 2173 631 2224 cAP.
650 2174 672 2223 Ι.

491 2255 725 2324 ,Astyages

186 2359 266 2424 Post
287 2357 408 2440 multos
432 2357 552 2422 deinde
573 2379 669 2442 reges
686 2379 745 2440 per
761 2357 910 2420 ordinem
928 2353 1132 2420 successio-l

127 2443 174 2506 nis
204 2467 345 2528 regnum
369 2443 412 2508 ad
434 2444 606 2529 Astyagen
630 2441 810 2508 descendit.
854 2440 920 2504 Hic
941 2461 1001 2524 per
1023 2461 1105 2502 som-

128 2550 202 2592 num
229 2529 316 2592 vidit
346 2550 388 2592 ex
418 2527 502 2608 filia,
534 2550 634 2613 quam
657 2529 790 2590 unicam
814 2524 974 2604 habebat,
1005 2523 1106 2586 vitem

129 2624 271 2695 enatam,
303 2615 398 2699 cujus
428 2613 564 2700 palmite
594 2613 701 2676 omnis
729 2611 812 2674 Asia
843 2609 1106 2676 obumbraretur.

130 2698 278 2763 Consulti
298 2697 427 2779 harioli,
451 2721 494 2762 ex
514 2697 629 2762 eadem
648 2696 718 2762 filia
733 2704 886 2780 nepotem
904 2697 935 2759 ei
950 2696 1106 2774 futurum,

129 2787 219 2872 cujus
235 2783 431 2869 magnitudo
447 2784 714 2870 praenuncietur,
739 2783 901 2866 regnique
917 2781 947 2844 ei
963 2780 1106 2864 amissio-

129 2892 201 2944 nem
217 2869 381 2956 portendi‚
397 2869 649 2955 responderunt.
677 2867 750 2931 Hoc
762 2887 920 2950 responso
934 2865 1138 2930 exterritus2

128 2953 228 3018 filiam
252 2954 420 3040 Cambysi,
444 2953 603 3026 mediocri
625 2955 696 3016 viro
721 2976 738 3016 e
761 2961 858 3036 gente
875 2950 1016 3015 obscura
1030 2958 1110 3012 tunc

129 3041 283 3126 temporis
304 3040 498 3121 Persarum,
528 3041 563 3103 in
593 3039 839 3102 matrimonium
870 3033 1015 3099 tradidit.
1060 3033 1111 3098 Ac

131 3147 171 3188 ne
187 3126 235 3188 sic
252 3123 387 3212 quidem
403 3125 523 3189 somnii
539 3123 805 3207 metudeposito,
822 3130 937 3184 natum
951 3119 1111 3181 infantem

131 3208 220 3273 dedit
255 3209 474 3275 occidendum
501 3209 675 3295 HarpagO,
712 3209 817 3271 amico
852 3215 884 3268 et
916 3225 1111 3268 arcanorum

131 3297 294 3381 participi.
328 3295 512 3374 laventus,
535 3317 578 3357 ne
593 3293 663 3359 filia
678 3291 775 3377 regis,
791 3292 821 3352 si
836 3288 879 3353 ad
895 3312 967 3352 eam
983 3297 1140 3355 mortu03

154 3391 222 3444 atre
238 3381 385 3444 venisset
394 3381 580 3466 imperium,
598 3377 818 3464 quianullum
830 3375 995 3461 Astyages
1007 3373 1113 3438 filium

131 3403 284 3546 iabebat,
307 3467 417 3530 necati
439 3465 574 3528 infantis
594 3463 763 3542 ultionem,
788 3483 887 3548 quam
904 3469 1030 3544 epatre
1046 3480 1112 3522 non

132 3552 301 3636 potuisset,
326 3574 345 3614 a
367 3551 516 3616 ministro
541 3549 702 3634 exigeret,
734 3548 859 3633 pastori
881 3547 965 3630 rogii
987 3546 1114 3631 pecoris

922 3648 960 3700 1*
