2658 4244
523 355 631 406 Lmalt
648 356 697 406 111.
1063 351 1100 414 13

122 515 291 593 appetunt.
329 505 430 572 Lacte
446 515 478 568 et
493 505 590 569 melle
604 514 792 570 vescuntur.
829 507 942 570 Lanae
961 508 1002 572 iis
1020 528 1101 572 usus

121 614 160 655 ac
173 593 318 655 vestium
333 593 467 674 ignotus
483 600 544 671 est,
568 592 719 676 quamvis
742 592 907 656 continuis
923 592 1100 677 frigoribus
1199 625 1203 632 ·

120 686 278 758 urantur,
301 675 443 761 pellibus
462 684 572 739 tamen
593 676 705 742 ferinis
722 686 779 740 aut
799 678 938 741 murinis
954 686 1099 742 utuntur.

117 761 214 826 Nihil
243 761 389 826 alienum
420 761 728 844 concupiscentibus
759 762 949 826 divitiarum
979 762 1100 848 cupido

117 846 215 912 nulla
231 855 290 909 est.
321 845 455 910 Utinam
479 845 615 933 reliquis
638 847 831 912 mortalibus
853 848 969 912 similis
991 847 1148 916 mode-11

117 933 202 996 ratio
220 940 253 994 et
267 929 465 995 abstinentia
480 931 580 995 alieni
594 932 693 1017 fcret3
709 933 854 1017 profecto
870 956 937 997 non
953 943 1000 997 tot
1011 932 1101 998 bella

13 1072 14 1089 ,
118 1039 180 1104 per
200 1017 314 1080 omnia
334 1017 446 1080 secula
469 1017 504 1079 in
528 1016 681 1083 omnibus
702 1022 796 1082 terris
819 1020 1099 1097 continuarentur,

13 1137 14 1150 κ
117 1124 230 1188 neque
245 1101 322 1188 plus
337 1101 524 1184 hominum,
548 1125 647 1190 quam
669 1125 751 1190 quos
772 1105 932 1168 naturalis
950 1103 1099 1168 condicio

13 1537 15 1554 '
118 1528 229 1594 cultae
251 1526 424 1593 barbariae
448 1528 622 1593 collatione
642 1531 799 1616 superari.

119 1195 264 1272 cogeret,
287 1187 410 1250 ferrum
426 1193 459 1250 et
473 1210 564 1250 arma
579 1201 796 1274 capesserent
833 1189 950 1274 Itaque
966 1211 1099 1273 prorsus

117 1271 317 1336 admirabile
338 1273 486 1354 videtur,
512 1273 548 1337 id
569 1272 637 1338 illis
659 1283 810 1338 naturam
831 1274 977 1354 dedisse,
1010 1274 1099 1360 quod

119 1357 243 1422 Graeci
258 1357 359 1443 longa
374 1359 571 1444 sapientium
588 1359 738 1423 doctrina
758 1362 1007 1446 praeceptisque
1028 1359 1100 1446 phi-

13 1435 15 1520 }
117 1441 508 1530 losophcrum'consequi
523 1453 708 1529 nequeunt,
731 1445 900 1593 cultospue
923 1467 1029 1593 morles
1051 1447 1099 1510 iu-

867 1541 943 1594 anto
1003 1552 1040 1595 us
1063 1531 1098 1593 in

116 1613 186 1676 illis
201 1613 332 1699 proficit
346 1615 500 1678 vitiorum
516 1615 696 1699 ignoratio,
721 1635 820 1702 quam
835 1616 870 1678 in
886 1617 937 1678 his
954 1553 1098 1699 cbgnitio

117 1699 262 1762 virtutis.

537 1785 613 1836 OAP.
630 1786 681 1836 ΠΙ.

250 1929 258 1942 ,
326 1842 349 1882 ⁸
367 1867 545 1935 Scytharum
562 1868 711 1923 tortitudo
728 1867 852 1924 bellica.

184 1953 365 2038 Imperium
381 1954 481 2017 Asiae
496 1963 546 2017 ter
561 1954 770 2039 quaesivere;
791 1955 855 2038 ipsi
875 1959 1035 2038 perpetuo
1056 1952 1097 2016 ab
1109 1965 1148 2022 12

13 2051 14 2054 ’
120 2037 229 2101 alieno
250 2040 389 2122 imperio
411 2048 467 2103 aut
488 2040 603 2102 intacti
623 2047 681 2101 aut
701 2039 817 2102 invicti
837 2061 994 2104 mansere.
1032 2037 1097 2102 Da-

13 2153 15 2196 r
118 2123 217 2202 rium,
233 2145 345 2208 regem
357 2124 541 2205 Persarum,
554 2125 643 2209 turpi
656 2123 697 2187 ab
710 2124 846 2210 Scythia
859 2124 1098 2189 submoverunt

13 2231 15 2284 ξ
120 2209 217 2293 fnga3
235 2208 360 2294 Cyrum
377 2231 452 2272 cum
469 2211 559 2273 omni
574 2211 722 2273 exercitu
736 2209 998 2292 trucidaverunt,
1021 2210 1097 2273 Ale·

13 2347 14 2358 ,
118 2293 241 2357 xandri
266 2294 383 2379 Magni
408 2295 526 2357 ducem
553 2294 742 2380 Zopyriona
770 2297 842 2379 pari
868 2297 995 2359 ratione
1021 2317 1096 2358 cum

120 2380 226 2464 copiis
253 2381 417 2443 universis
445 2378 653 2463 deleverunt3
680 2379 902 2444 Romanorum
930 2381 1096 2461 audivere,

118 2487 186 2528 non
210 2487 342 2529 sensere
366 2484 465 2528 arma
502 2463 691 2529 Parthicum
714 2475 747 2528 et
761 2465 974 2529 Bactrianum
996 2467 1097 2550 impe·

119 2552 206 2614 rium
232 2552 298 2634 ipsi
324 2549 551 2614 condiderunt.
589 2549 720 2614 Primus
742 2549 876 2635 Scythis
903 2550 1028 2624 bellum
1048 2553 1147 2632 in713

119 2636 205 2699 dixit
219 2635 390 2715 Sesostris,
413 2657 472 2697 rex
494 2636 695 2720 Aegyptius,
715 2638 824 2700 missis
846 2637 951 2720 ptimo
967 2635 1095 2720 legatis,

120 2722 177 2806 qui
200 2720 351 2784 hostibus
374 2720 513 2804 parendi
535 2720 642 2806 legem
666 2720 821 2785 dicerent.
860 2720 928 2785 Sed
942 2721 1095 2805 Scythae,

114 2807 185 2892 jam
210 2815 286 2870 ante
309 2805 349 2870 de
364 2807 451 2890 regis
468 2806 614 2869 adventu
630 2809 783 2885 certiores
798 2807 892 2886 facti,
916 2805 1033 2890 legatis
1049 2827 1096 2870 re-

119 2892 300 2976 spondent:
331 2903 392 2956 tom
421 2899 558 2970 opulenti
576 2900 691 2970 populi
717 2899 825 2956 ducem
851 2900 963 2956 stolide
986 2900 1096 2956 adou-

13 3037 15 3060 ,
118 2999 173 3041 sus
206 2985 317 3056 inopes
350 2999 524 3056 oectpurre
557 2983 681 3057 bellum,
720 2984 804 3058 quod
836 2983 908 3043 belli
940 2987 1096 3040 certamen

120 3083 254 3143 anceps,
282 3072 431 3142 praemio
466 3069 619 3136 victoriae
647 3069 748 3142 nullu,
784 3070 899 3127 damna
929 3069 1096 3140 anantsesta

119 3156 189 3214 sint.
234 3154 371 3228 Scythae
392 3157 489 3228 ipitur
510 3169 572 3212 aon
596 3162 831 3228 exspectaturos
854 3169 936 3225 esre,
961 3154 1030 3210 {bam
1054 3154 1098 3210 ud

118 3243 334 3310 recentatur,
366 3257 457 3314 quum
479 3239 542 3298 sibi
556 3241 656 3312 pluro
678 3242 709 3298 in
733 3240 822 3298 berte
844 3238 1095 3310 concupiscendo

119 3327 195 3396 sint,
218 3327 360 3398 ultroque
374 3325 523 3399 praedae
545 3327 644 3384 ituros
667 3311 796 3384 obvium.
841 3319 911 3383 Nec
934 3317 1021 3381 dicta
1042 3337 1094 3380 res
1107 3325 1146 3381 14

119 3414 253 3468 morata.
277 3404 349 3468 Rex
360 3407 393 3468 in
407 3405 519 3488 fugam
531 3405 681 3485 vertitur,
692 3405 904 3488 exercituque
918 3403 1095 3466 cumomni

118 3488 197 3554 belli
214 3499 375 3576 apparatu
390 3490 522 3570 relicto,
539 3491 574 3554 in
590 3511 730 3574 regnum
745 3488 893 3572 trepidus
910 3511 945 3552 se
960 3488 1094 3573 recepit.

13 3615 15 3652 ,
118 3574 258 3662 Scythas
272 3575 313 3638 ab
320 3576 474 3662 Aegypto
487 3575 625 3660 paludes
637 3573 845 3659 prohibuere.
872 3574 955 3638 Inde
970 3573 1094 3638 reversi
1106 3577 1144 3636 15
