2658 4244
185 273 187 278 ’
248 301 286 363 2⁰
316 269 319 276 ¹
350 349 351 352 κ
518 303 670 390 4εοεΤηιι
686 303 933 366 marommuu

272 455 402 538 undam,
424 478 522 542 quem
545 457 690 541 graviter
704 455 856 538 laeserat,
871 454 1076 520 interficitur.
1118 453 1224 536 Alter,

247 479 390 626 ilippias
414 543 563 622 nomine,
585 563 686 643 quum
708 542 883 626 imperium
898 551 1071 627 paternum
1087 549 1224 623 teneret,
1302 601 1303 631 ,

248 627 489 692 interfectorem
517 628 625 692 fratris
648 626 882 712 comprehendi
899 625 1010 714 jubet;
1040 629 1097 714 qui
1120 648 1225 715 quum
1304 633 1305 647 ,

247 729 315 799 per'
335 722 497 778 tormenta
524 714 671 782 conscios
702 711 811 778 caedis
840 710 1021 790 nominare·
1041 721 1224 798 cogeretur,

249 820 363 862 omnes
392 799 513 876 amicos
540 799 674 884 tyranni
698 799 890 862 nominavit.
944 797 1072 879 Quibus
1094 797 1225 862 interfe-

129 965 132 970 .
249 886 319 964 ctis,
331 893 471 968 tyranno
485 885 665 970 quaerenti,
681 906 724 946 an
736 883 844 966 adhuc
857 883 959 970 aliqui
971 884 1094 952 conscii
1106 890 1225 962 essent,

248 978 415 1048 neminem,
439 971 501 1050 ait,
528 992 709 1050 superesse,
734 991 822 1049 quem
845 978 977 1048 emplius
999 978 1080 1034 mere·
1099 977 1224 1050 cestini,

199 1063 238 1120 19
250 1077 341 1134 qnam
363 1063 462 1135 mrum
478 1069 649 1135 tyrannum.
679 1052 787 1140 Hujus
802 1056 923 1118 virtute
939 1077 1041 1141 quum
1057 1053 1226 1121 admonita

249 1142 365 1204 civitas
389 1139 548 1205 libertatis
564 1141 663 1222 esset,
686 1139 819 1204 tan-dem
833 1141 974 1226 Hippias
990 1163 1092 1224 regno
1108 1139 1226 1225 pulsus

180 1269 182 1274 ,
249 1228 284 1288 in
300 1224 452 1290 exsilium
470 1227 588 1310 agitur,
629 1228 667 1288 ui
682 1226 847 1310 profectus
862 1227 897 1290 in
913 1225 1045 1305 Persas,
1057 1226 1177 1290 ducem
1191 1247 1225 1290 sc
1299 1231 1305 1296 ’ς’

155 1311 158 1319 “
248 1311 369 1392 Dario,
391 1312 546 1375 inferenti
566 1249 826 1391 Atdeniensibns
841 1310 982 1394 bellum,
1007 1312 1104 1376 sicuti
1124 1331 1226 1397 supra
1299 1317 1305 1388 l]

156 1445 159 1452 .
251 1395 474 1482 significatum
490 1405 555 1479 est,
571 1395 885 1481 aduersuspatriam
900 1420 992 1464 suam
1009 1397 1111 1463 offert.
1300 1393 1305 1434 ¹³

626 1680 772 1802 umus
799 1701 845 1780 u.
896 1781 936 1804 ..
1199 1805 1201 1812 Ι

537 1832 691 1904 Bellum
716 1831 933 1947 Persarum.
970 1895 972 1901 ,
1022 1836 1024 1841 ’
1063 1923 1065 1926 ¹
1131 1871 1133 1876 .

535 2039 641 2128 Pugna
658 1981 859 2119 uiiit'uima.
882 2063 954 2118 490.

223 2177 239 2233 1
314 2162 545 2244 Athenienses,
561 2163 675 2228 audito
685 2164 780 2246 Darii
792 2163 945 2247 adventu,
962 2167 1122 2238 auxilium
1133 2163 1224 2228 aLa-

179 2255 182 2262 '
252 2249 482 2330 cedaemoniis,
498 2251 671 2329 sociatum
688 2252 828 2333 civitate,
844 2252 1041 2337 petiverunt.
1058 2252 1152 2338 ,Quos
1167 2249 1225 2314 ubi
1302 2303 1303 2306 ,

251 2336 407 2400 viderunt
437 2334 603 2422 quatridui
624 2336 730 2400 teneri
751 2335 925 2422 religione,
947 2361 1014 2403 non
1038 2343 1225 2422 exspectato

252 2423 386 2501 auxilio,
400 2423 570 2486 instructis
586 2421 699 2486 decem
714 2421 862 2488 millibus
877 2424 1000 2488 civium
1016 2423 1227 2488 etPlataeen-

252 2506 342 2572 sibus
373 2503 588 2573 auxiliaribus
617 2505 709 2572 mille
716 2557 730 2596 ,h
757 2508 914 2574 adversus
928 2519 1096 2578 ,sexcenta
1120 2507 1227 2584 millia

252 2593 394 2658 hostium
426 2596 461 2658 in
488 2599 621 2679 campos
644 2593 869 2659 Marathonius
895 2596 930 2658 in
946 2593 1114 2680 'proelium
1137 2615 1227 2679 egre-

252 2679 396 2744 diuntur.
420 2679 587 2743 Miltiades
604 2687 636 2744 et
651 2678 720 2745 dux
734 2679 815 2758 belli
830 2689 900 2744 erat
914 2689 946 2745 et
961 2689 1075 2746 auctor
1088 2701 1156 2744 non
1172 2701 1226 2743 ex-

164 2813 166 2820 ·
252 2765 422 2850 spectandi
438 2765 568 2847 auxilii;
585 2787 683 2851 quem
698 2775 789 2830 tanta
803 2767 926 2831 fiducia
940 2774 1079 2853 ceperat,
1100 2762 1226 2850 utplus

223 2851 408 2938 tpraesidii
422 2851 457 2914 in
473 2849 638 2928 celeritate
653 2847 752 2939 quam
767 2853 802 2916 in
818 2853 915 2916 sociis
931 2852 1072 2918 duceret.
1103 2851 1228 2936 Magna

239 2938 354 3024 igitur
374 2938 410 3000 in
430 2958 577 3022 pugnam
601 2937 765 3002 euntibus
778 2936 932 3002 alacritas
954 2939 1138 3002 animorum
1153 2936 1226 3016 fuit,

252 3023 334 3088 adeo
358 3031 409 3104 ut,
433 3045 534 3110 quum
557 3021 648 3087 mille
670 3045 786 3108 passus
807 3025 894 3106 inter
909 3023 990 3088 duas
1006 3025 1092 3092 acics
1108 3030 1228 3103 essent,

252 3111 350 3174 citato
372 3130 472 3172 cursu
493 3117 568 3172 ante
578 3109 706 3195 jactum
722 3110 913 3196 sagittarum
930 3109 973 3172 ad
987 3109 1114 3174 hostem
1128 3129 1227 3171 vene

251 3197 326 3260 rint.
370 3193 440 3259 Nec
463 3193 620 3260 audaciae
642 3197 712 3282 ejus
735 3204 871 3259 eventus
894 3196 1011 3279 defuit3
1042 3216 1088 3280 pu
1116 3200 1226 3266 ,atum

142 3329 146 3335 .
253 3288 302 3344 est
317 3282 404 3345 enim
420 3289 511 3343 tanta
526 3281 656 3361 virtute,
672 3280 901 3345 uthincviros
916 3281 994 3360 inde
1009 3217 1152 3366 pecudis
1191 3300 1228 3343 n·
1302 3289 1303 3296 ’

252 3375 349 3429 tarcs.
387 3364 475 3429 Victi
494 3367 614 3430 Persae
635 3367 671 3429 in
691 3389 794 3430 naves
814 3367 1048 3453 confugerunt,
1072 3301 1229 3452 equidus

223 3450 375 3518 3multae
391 3450 589 3534 submersae,
605 3451 727 3516 multae
744 3463 858 3537 captae
874 3463 960 3518 s'nnt.
989 3453 1028 3516 In
1046 3475 1083 3524 eo
1099 3449 1226 3539 proelio
1302 3461 1303 3464 ’

252 3545 344 3602 tanta
365 3537 470 3602 virtus
491 3537 697 3623 singulorum
720 3539 799 3621 fuit,
821 3548 873 3621 ut,
901 3540 993 3626 cujus
1020 3538 1092 3604 laus
1118 3537 1227 3622 prima
