2658 4250
515 372 623 424 LIBER
640 373 696 426 XL.
713 399 716 406 ·
1035 369 1093 432 1⁸23

114 532 264 604 noceant,
281 522 340 589 sed
354 522 445 588 lenes
460 533 493 588 et
507 525 613 590 vineis
629 524 819 610 campisque
833 526 951 612 irrigui
966 535 1092 591 aestua-

115 611 239 696 riisque
255 610 381 676 Oceani
396 610 520 674 affatim
535 612 668 697 piscosi,
689 611 838 698 plerique
858 613 956 676 etiam
972 612 1090 677 divite·

116 717 197 760 auro
204 743 213 776 ,
236 695 326 782 quod
339 697 375 758 in
396 693 570 760 balucibus
579 695 720 760 vehunt.
758 697 833 762 Uno
849 705 976 761 tantum
992 697 1092 783 Pyre·
1125 705 1143 763 5

116 782 191 845 nasi
206 782 325 845 montis
341 781 438 846 dorso
453 781 609 846 adhaeret
624 781 768 864 Galliae3
790 782 926 868 reliquis
941 782 1090 869 partibus

117 866 264 954 undique
275 868 310 932 in
327 867 438 932 orbem
454 866 538 931 mari
553 869 706 950 cingitur.
740 867 862 932 Forma
872 876 978 933 terrae
990 889 1093 956 prope

116 951 291 1038 quadrata,
314 953 379 1018 nisi
424 952 490 1017 uod
510 951 693 1017 artantibus
712 953 787 1018 freti
807 952 959 1019 litoribus
978 955 1014 1019 in
1029 954 1094 1038 Py-

116 1058 273 1102 renaeum
293 1039 367 1116 coit.
440 1060 513 1104 erro
527 1038 691 1124 Pyrenaei
713 1040 832 1120 montis
856 1040 998 1126 spatium
1020 1061 1093 1102 sex·
1188 1101 1193 1112 ,

116 1130 212 1188 centa
240 1123 345 1190 millia
373 1145 531 1211 passuum
561 1123 670 1190 efficit.
704 1124 898 1190 *Salubritas
924 1124 1008 1190 coeli
1033 1125 1094 1212 pe'r
1125 1134 1144 1190 6
1177 1165 1179 1174 κ

115 1229 246 1274 omnem
262 1210 456 1297 Hispaniam
472 1209 635 1298 aequalis,
656 1210 735 1297 quia
749 1211 834 1275 aeris
850 1210 983 1298 spiritus
999 1210 1093 1275 nulla

115 1293 276 1379 paludum
301 1296 396 1380 gravi
421 1295 544 1360 nebula
572 1295 726 1361 inficitur.
771 1295 847 1364 Huc
873 1296 1035 1361 accedunt
1060 1304 1093 1360 et

116 1379 263 1444 marinae
292 1403 391 1446 aurae
417 1380 542 1446 assidui
567 1381 664 1446 flatus
676 1429 685 1462 ,
716 1381 836 1468 quibus
863 1402 993 1446 omnem
1019 1402 1093 1468 pro-

117 1466 266 1530 vinciam·
280 1466 542 1552 penetrantibus,
564 1467 745 1554 praecipua
763 1466 952 1532 hominibus
969 1468 1092 1531 sanitas

118 1549 274 1616 redditur.

540 1639 616 1692 CAP.
633 1641 670 1694 lt

349 1719 548 1792 Hispanorum
564 1735 673 1780 moros.
708 1721 853 1781 Viriatus.

180 1808 327 1892 Corpora
341 1808 513 1874 hominum
528 1808 571 1873 ad
585 1809 730 1874 inediam
745 1807 973 1910 laboremque,
990 1810 1092 1873 animi
1126 1817 1144 1873 7

117 1893 159 1958 ad
180 1903 318 1958 mortem
364 1895 456 1959 arati.
494 1893 589 1960 Dura
610 1894 763 1960 omnibus
784 1903 817 1960 et
836 1902 970 1960 astricta
990 1893 1093 1980 parsi-

115 1979 237 2044 monia.
280 1915 427 2059 Bellum,
450 2001 549 2068 quam
572 1981 674 2045 otium
695 1979 837 2064 malunt3
865 1981 893 2046 si
916 1988 1092 2045 extraneus

116 2065 224 2145 deest,
248 2063 336 2129 domi
358 2063 486 2130 hostem
507 2074 679 2154 quaerunt.
718 2065 825 2154 Saepe
843 2067 1013 2131 tormentis
1034 2087 1093 2150 pro
1126 2075 1144 2132 8

117 2150 248 2216 silentio
269 2171 380 2215 rerum
403 2150 600 2216 creditarum
620 2153 788 2217 immortui
809 2161 900 2236 eunt3
924 2151 1006 2216 adeo
1026 2151 1093 2216 illis

117 2237 231 2302 fortior
256 2237 486 2301 taciturnitatis
512 2255 608 2319 cura,
636 2259 735 2323 quam
757 2238 857 2302 vitae.
901 2236 1095 2304 celebratur

117 2323 215 2387 etiam
241 2320 329 2387 bello
351 2321 476 2387 Punico
499 2324 588 2388 servi
612 2322 703 2388 illiue
725 2324 897 2408 patientia,
925 2323 983 2412 qui
1004 2323 1094 2387 ultus

117 2407 289 2472 dominum
313 2407 400 2472 inter
425 2416 588 2472 tormenta
612 2409 681 2472 risu
708 2408 887 2474 exsultavit
911 2429 1094 2495 serenaque

116 2493 242 2558 laetitia
276 2492 503 2559 crudelitatem
536 2493 758 2580 torquentium
786 2495 877 2558 vicit.
927 2492 1092 2558 Velocitae
1126 2502 1144 2558 9

118 2579 211 2664 genti
237 2579 391 2665 pernix,
406 2580 537 2666 inquies
567 2579 716 2663 animus3
750 2575 902 2667 plurimis
932 2578 1092 2643 militares

119 2664 198 2752 equi
215 2674 249 2728 et
268 2672 361 2729 arma
382 2665 543 2750 sanguine
565 2665 712 2750 ipsorum
734 2666 869 2731 cariora.
913 2663 1033 2730 Nullus
1055 2664 1090 2727 in

117 2750 216 2815 festos
237 2749 308 2814 dies
328 2748 500 2838 epularum
523 2759 710 2901 apparatus.
748 2751 846 2839 Aqua
860 2748 968 2814 calida
986 2749 1092 2814 lavari

116 2843 192 2922 poet
206 2835 388 2901 secundum
403 2836 532 2902 ‘bellum
573 2857 711 2902 ¹umcum
726 2859 746 2900 a
760 2836 916 2902 Romanis
936 2835 1091 2901 didicere.

180 2921 222 2986 In
236 2931 328 2987 tanta
342 2919 528 2987 seculorum
550 2923 634 2987 serie
654 2921 767 2988 nullus
781 2922 849 2988 illis
866 2922 936 2986 dux
949 2943 1092 3006 magnus
1106 2931 1147 2988 10

118 3015 249 3094 praeter
272 3007 437 3072 Viriatum
466 3006 529 3072 fuit
540 3056 549 3087 ,
573 3009 639 3094 ,qui
668 3009 764 3073 annis
790 3008 904 3073 decem
930 3007 1094 3072 Romanos

117 3094 211 3158 varia
235 3093 374 3158 victoria
398 3093 557 3178 fatigavit.
603 3093 707 3180 Cujus
733 3115 773 3158 ea
796 3094 901 3158 virtus
928 3095 1095 3158 continen-

117 3180 231 3266 tiaque
244 3178 321 3260 fuit,
337 3187 390 3262 ut,
407 3201 509 3267 quum
524 3179 712 3244 consulares
729 3181 892 3244 exercitus
907 3178 1096 3266 frequenter

117 3264 235 3330 vicerit
242 3313 252 3347 ,
253 3273 354 3414 upost
378 3273 485 3331 tantae
511 3285 562 3330 res
589 3273 698 3350 gestas
723 3287 790 3330 non
817 3285 1000 3347 armorum,
1027 3283 1095 3329 non

117 3352 218 3415 vestis
234 3372 252 3414 c
289 3361 373 3434 tum,
394 3372 461 3415 non
477 3349 619 3438 denique
633 3352 759 3416 victum
775 3351 964 3432 mutaverit,
986 3348 1095 3424 sedin

119 3457 157 3500 eo
172 3433 297 3518 habitu,
313 3457 378 3523 quo
394 3437 537 3521 primum
551 3435 677 3502 bellare
693 3437 810 3522 coepit,
824 3435 1094 3523 perseveraverit,

119 3523 279 3672 utdquivis
295 3523 465 3609 gregarius
487 3520 582 3587 miles
604 3523 676 3609 ipso
692 3523 890 3608 imperatore
907 3521 1096 3609 opulentior

120 3608 153 3672 vi
177 3617 296 3676 eretur.
751 3653 752 3656 κ
870 3633 873 3644 ’
