2658 4244
493 371 601 422 LlBllR
617 369 664 423 Vl.
1029 367 1066 428 31

94 545 215 588 remus.
256 522 430 608 Lycurgus
451 543 552 608 quum
567 521 660 584 fratri
674 543 733 586 suo
749 521 958 608 Polydectae,
972 521 1068 607 Spar·

93 619 247 672 tenorum
262 609 351 692 regi,
371 609 581 672 successisset
601 627 808 692 regnumque
823 607 887 672 sibi
901 607 1069 672 vindicare

92 695 274 777 potuisset,
297 692 468 775 Charileo,
493 693 561 757 filio
588 693 672 778 ejus,
700 694 876 780 quinctus
898 703 1069 778 postumus

91 781 211 860 fuerat,
229 801 331 866 quum
339 779 382 843 ad
393 787 531 844 aetatem
543 778 690 843 adultam
702 780 914 864 pervenisset,
930 799 1069 864 regnum

90 887 225 930 summa
239 864 305 928 fide
319 865 486 946 restituit,
498 874 537 929 ut
555 864 779 950 intelligerent
794 887 922 946 omnes,
946 874 1069 952 quanto

113 951 167 1015 lus
193 951 285 1037 apud
299 950 402 1014 bonos
417 949 548 1036 pietatis
559 952 653 1036 jura,
676 971 775 1037 quam
792 971 904 1015 omnes
921 973 999 1037 opes
1015 973 1069 1014 va-

91 974 212 1102 lerent.
243 1035 353 1100 Medio
365 1037 468 1121 igitur
477 1044 632 1123 tempore,
648 1036 726 1102 dum
739 1033 847 1101 iulans
859 1036 1100 1117 convalescit,4
1122 1063 1148 1106 c.
1160 1043 1233 1104 884.

91 1121 303 1207 tutelamque
312 1123 382 1222 ejus
392 1122 607 1202 administrat,
618 1143 686 1186 non
694 1122 891 1188 habentibus
899 1123 1069 1207 Spartanis
1128 1169 1129 1178 r

90 1209 185 1294 leges
207 1208 364 1286 instituit,
386 1229 452 1272 non
471 1208 664 1272 inventione
688 1229 801 1272 earum
820 1209 944 1292 magis,
971 1229 1070 1294 quam

90 1292 250 1380 exemplo
279 1293 417 1375 clarior3
448 1293 612 1380 siquidem
640 1291 723 1357 nihil
746 1294 819 1379 lege
841 1294 910 1359 ulla
932 1295 967 1358 iu
988 1294 1070 1358 alios

92 1381 218 1459 sanxit,
240 1379 416 1466 cujusnon
430 1379 502 1464 ipse
517 1379 642 1464 primus
657 1379 692 1442 in
708 1401 742 1444 sc
758 1380 954 1445 documenta
969 1380 1071 1445 daret.

91 1463 263 1550 Populum
284 1466 319 1528 in
344 1465 504 1550 obsequia
517 1465 719 1550 principum,
743 1465 909 1552 principes
925 1467 966 1531 ad
976 1465 1101 1552 justi-5

92 1552 176 1614 tiam
204 1551 418 1633 imperiorum
444 1551 607 1614 formavit.
652 1550 894 1615 Parcimoniam
919 1550 1071 1616 omnibus

93 1636 215 1715 suasit,
237 1638 446 1717 existimans,
467 1634 613 1701 laborem
635 1635 772 1701 militiae
792 1637 926 1702 assidua
940 1637 1073 1724 frugali-

94 1723 172 1785 tatis
190 1722 431 1786 consuetudine
446 1720 626 1786 faciliorem
642 1722 720 1788 fore.
764 1721 840 1787 Emi
858 1723 990 1807 singula
1006 1743 1072 1787 non

94 1807 256 1892 pecunia,
282 1807 341 1872 scd
366 1809 633 1891 compensatione
658 1809 818 1872 mercium
838 1809 947 1893 jussit.
991 1808 1075 1870 Auri

98 1893 296 1980 argentique
318 1916 416 1957 usum
437 1893 529 1957 velut
547 1895 695 1958 'omnium
719 1892 879 1958 scelerum
902 1893 1074 1958 materiam

100 1976 246 2043 sustulit.

526 2065 601 2117 OAP.
619 2065 656 2118 11.

469 2147 600 2217 Lycurgi
617 2147 712 2215 leges.

160 2232 493 2299 Administrationem
508 2234 711 2320 reipublicae
725 2255 786 2320 per
799 2235 930 2300 ordines
947 2235 1074 2319 divisit;
1087 2243 1104 2301 6

100 2319 236 2404 regibus
262 2329 457 2404 potestatem
484 2319 663 2400 bellorum,
684 2321 932 2406 magistratibus
954 2321 1076 2386 'udicia

100 2427 158 2491 per
182 2427 311 2471 annuas
334 2407 574 2490 successiones,
600 2408 728 2471 senatui
749 2408 931 2471 custodiam
947 2347 1075 2492 legum,

99 2490 226 2576 populo
248 2490 444 2576 sublegendi
459 2502 624 2574 senatum,
640 2493 693 2558 vel
716 2492 860 2574 creandi,
877 2513 959 2580 quos
975 2492 1077 2556 vellet

100 2578 333 2662 magistratus,
356 2586 551 2662 potestatem
573 2579 732 2662 permisit.
770 2578 906 2642 Fundos
930 2579 1106 2642 omnium?

103 2660 289 2746 aequaliter
301 2663 388 2726 inter
402 2685 515 2727 omnes
532 2663 653 2745 divisit,
674 2673 711 2727 ut
725 2673 866 2750 aequata
879 2664 1078 2750 patrimonia

103 2748 271 2811 neminem
298 2752 514 2832 potentiorem
540 2749 642 2814 altero
668 2749 853 2813 redderent.
899 2749 1078 2815 Convivari

102 2854 219 2897 omnes
234 2833 369 2920 publice
379 2835 489 2922 jussit,
509 2857 552 2898 nc
568 2837 661 2921 cujus
674 2835 810 2900 divitiae
821 2835 874 2899 vel
892 2835 1027 2900 luxuria
1042 2837 1078 2898 in

102 2919 233 2984 occulto
250 2928 369 2984 essent.
406 2920 428 2985 J
430 2920 592 2985 uvenibus
606 2941 675 2984 non
691 2921 833 3008 amplius
849 2945 917 2986 una
928 2932 1018 2986 veste
1030 2923 1079 2985 uti

102 3013 175 3068 tcto
191 3027 276 3068 anno
291 3006 451 3089 permisit,
466 3027 528 3070 nec
543 3027 743 3092 quemquam
756 3007 876 3071 cultius
889 3029 988 3094 quam
1002 3007 1078 3071 alte-

103 3109 183 3152 rum
197 3089 367 3174 progredi,
383 3113 444 3154 nec
460 3092 588 3176 epulari
604 3093 807 3178 opulentius,
829 3115 871 3156 ne
886 3093 1026 3156 imitatio
1043 3092 1079 3155 in

103 3173 274 3239 luxuriam
296 3185 487 3242 verteretur.
525 3177 648 3242 Pueros
670 3199 738 3242 non
759 3179 796 3240 in
816 3177 940 3260 forum,
964 3177 1023 3242 sed
1043 3179 1108 3241 ine

105 3283 224 3345 agrum
246 3261 367 3326 deduci
386 3263 567 3348 praecepit,
590 3273 627 3326 ut
641 3265 763 3348 primos
779 3283 883 3326 annos
899 3265 1016 3326 nonin
1032 3261 1080 3328 lu-

105 3347 221 3427 xuria,
245 3347 361 3412 sedin
384 3370 482 3433 opere
505 3357 537 3412 et
558 3347 726 3414 laboribus
750 3357 902 3433 agerent3
924 3349 1009 3412 nihil
1025 3371 1080 3414 eos

105 3433 214 3495 somni
236 3453 336 3496 causa
358 3433 567 3500 substernere
588 3444 620 3499 et
639 3437 740 3499 vitam
756 3436 828 3499 sine
843 3435 1012 3520 pulmento
1028 3436 1082 3500 de·

106 3539 194 3600 gere,
218 3541 328 3604 neque
348 3521 442 3606 prius
463 3520 636 3602 inurbem
658 3521 775 3601 redire,
800 3543 899 3606 quam
922 3523 985 3586 viri
1005 3522 1082 3586 facti

108 3613 227 3685 essent,
251 3606 372 3669 statuit.
409 3605 565 3690 Virgines
589 3608 661 3671 sine
683 3607 757 3672 dote
779 3607 904 3674 nubere
913 3610 1023 3696 jussit,
1045 3613 1110 3671 ut9
