2658 4244
472 394 475 403 ι
493 361 602 412 LIBER
620 361 667 412 XI.
1029 359 1067 420 65

83 511 203 576 derant
210 560 221 593 ,
245 520 376 577 tantum
388 511 565 596 imperium
580 516 668 576 terra
682 511 833 597 marique
848 513 1068 598 quaesierant,

85 596 177 682 quod
196 595 285 662 nihil
308 599 379 662 sine
401 598 572 686 majestate
591 596 739 662 numinis
755 597 825 683 ejus
841 605 899 660 aut
920 598 1068 682 privatae

83 703 256 768 umquam,
272 691 330 746 aut
343 681 497 767 publicae
511 684 560 746 rei
574 691 754 767 gesserant
781 681 925 746 Tantum
940 683 1068 747 facinus

83 767 250 832 admisere
264 767 401 851 ingenia
415 768 504 832 omni
520 767 670 832 doctrina
684 766 826 848 exculta,
838 766 1069 853 pulcherrimis

84 852 218 937 legibus
234 853 458 938 institutisque
472 853 620 933 formata,
633 857 679 932 ut,
713 852 773 917 uid
787 851 925 938 posthac
936 875 1069 920 succen-

83 943 156 1002 sere
170 937 246 1025 jure
261 935 409 1002 barbaris
424 946 567 1024 possent,
582 959 650 1002 non
665 935 710 1002 ha
734 938 840 1004 erent!

203 1173 364 1243 Philippus
381 1089 723 1242 ternumcsirpnbdibrhs
740 1173 836 1230 nodis
854 1173 954 1240 auget

149 1275 223 1342 Sed
239 1297 302 1340 nec
316 1275 491 1362 Philippus
517 1275 663 1341 melioris
684 1276 763 1342 fidei
783 1276 943 1341 adversus
964 1277 1121 1346 socios18

85 1362 166 1445 fuit3
196 1362 320 1448 quippe
340 1361 445 1425 veluti
466 1361 602 1442 timens,
624 1383 668 1426 ne
683 1361 725 1427 ab
740 1361 890 1426 hostibus
906 1362 1072 1446 sacrilegii

85 1447 215 1512 scelere
229 1447 431 1526 vinceretur,
450 1446 615 1528 civitates,
638 1469 778 1533 quarum
793 1446 894 1536 paulo
910 1455 986 1512 ante
1001 1447 1072 1512 dux

86 1533 212 1612 fuerat,
230 1553 313 1617 quae
328 1530 389 1595 sub
405 1531 561 1616 auspiciis
577 1531 647 1618 ejus
662 1529 898 1613 militaverant,
921 1555 1006 1619 quae
1021 1532 1071 1598 illi

86 1617 222 1703 sibique
236 1616 408 1680 victoriam
424 1615 580 1700 gratulati
592 1615 734 1698 fuerant,
756 1616 963 1703 hospitaliter
978 1639 1072 1682 occu-

89 1713 185 1786 petas
200 1699 356 1786 diripuit3
378 1702 537 1786 conjuges
558 1699 747 1787 liberosque
768 1703 915 1766 omniurn
939 1701 1000 1766 sub
1022 1723 1072 1766 co-

87 1809 175 1852 rona
188 1785 349 1868 vendidit,
363 1808 430 1850 non
445 1785 583 1850 deorum
597 1786 833 1850 immortalium
848 1785 990 1872 templis,
1004 1809 1072 1851 non

89 1871 233 1938 aedibus
243 1871 355 1953 saeris,
366 1893 436 1934 non
449 1869 513 1936 diis
523 1871 699 1957 penatibus
706 1871 848 1958 publicis
858 1872 1071 1957 privatisque,

88 1957 133 2022 ad
149 1978 235 2043 quos
249 1955 441 2042 pauloante
455 1957 626 2040 ingressus
649 1955 855 2106 hospitaliter
874 1957 995 2036 fuerat,
1018 1977 1073 2043 pe-

89 2043 214 2130 percit:
236 2063 370 2128 prorsus
390 2051 427 2105 ut
446 2063 513 2106 non
536 2049 603 2104 tam
618 2042 703 2108 sacri
718 2041 784 2126 agii
798 2040 885 2105 ultor
901 2041 1073 2123 exstitisse,

113 2149 195 2192 uam
220 2126 469 2212 sacrilegiorum
502 2126 670 2191 licentiam
699 2127 866 2213 quaesisse
895 2126 1073 2191 videretur.

91 2151 190 2294 lude,
206 2210 313 2276 veluti
326 2211 425 2276 rebus
442 2211 703 2297 egregiegestis,
719 2212 755 2276 in
769 2211 996 2277 Chalcidicam
1012 2222 1074 2276 tra·
1086 2224 1124 2281 19

86 2299 173 2384 jicit,
182 2295 252 2377 ubi,
266 2296 435 2382 bellopari
445 2295 584 2381 perfidia
596 2305 697 2383 gesto,
709 2297 882 2384 captisque
893 2319 954 2384 per
960 2297 1074 2362 dolum

92 2393 125 2450 et
139 2382 258 2448 occisis
272 2381 422 2448 finitimis
432 2381 582 2465 regibus,
598 2381 788 2446 universam
823 2383 1005 2446 rovinciam
1017 2384 1075 2446 im-

92 2467 186 2556 perio
201 2466 417 2531 Macedoniae
432 2466 594 2553 adjungit.
613 2465 745 2531 Deinde
818 2465 1015 2532 abolendam
1026 2468 1075 2530 in-
1086 2477 1127 2534 20

92 2551 207 2620 vidiae
220 2553 357 2634 famam,
381 2574 449 2640 qua
461 2552 605 2636 insignis
618 2561 750 2639 praeter
762 2559 888 2616 ceteros
901 2561 982 2614 tunc
997 2560 1076 2614 tem-

93 2639 184 2726 poris
205 2632 406 2718 habebatur,
433 2657 492 2722 per
514 2659 618 2722 regna
639 2637 739 2702 mittit
759 2646 791 2701 et
809 2636 1076 2722 opulentissimas

93 2721 261 2802 civitates,
284 2723 343 2808 qui
361 2723 551 2806 opinionem
570 2731 734 2802 sererent,
754 2743 867 2807 regern
883 2721 1076 2808 Philippum

95 2829 220 2894 magna
233 2809 377 2892 pecunia
391 2807 500 2872 locare
516 2816 549 2871 et
559 2829 671 2872 muros
682 2827 744 2894 per
754 2808 903 2872 civitates
916 2818 948 2871 et
958 2807 1036 2872 fana
1045 2817 1079 2872 et

95 2893 222 2982 templa
231 2892 393 2972 facienda,
404 2902 438 2957 et
451 2913 510 2976 per
521 2911 700 2978 praecones
712 2901 918 2978 susceptores
926 2892 1079 2957 sollicita
1094 2901 1097 2909 “

95 2987 181 3045 rent.
205 2977 272 3060 Qui
288 2999 391 3064 quum
402 2979 437 3042 in
450 2977 678 3042 Macedoniarn
689 2977 867 3060 venissent,
882 2978 984 3041 variis
999 2977 1079 3040 dila

95 3063 244 3130 tionibus
258 3062 414 3143 fismtrati,
428 3065 498 3128 vim
510 3063 622 3148 regiae
632 3063 812 3150 majestatis
822 3065 975 3126 timentes
986 3062 1079 3125 taciti

97 3147 401 3235 proficiscebantur.
428 3148 507 3212 Post
521 3147 604 3212 haec
615 3147 792 3234 Olynthios
806 3147 1014 3232 aggreditur3
1029 3167 1078 3210 re
1089 3156 1127 3213 21

96 3243 257 3320 ceperant
274 3234 362 3298 enim
376 3255 437 3318 per
452 3232 710 3298 misericordiam
733 3243 808 3322 post
827 3231 963 3298 caedua
978 3232 1078 3295 unius

98 3319 182 3386 duos
206 3320 278 3406 ejus
292 3317 422 3397 henes,
448 3341 532 3405 qnos
546 3317 722 3405 Philippus
737 3340 780 3382 ex
793 3339 937 3383 noverca
952 3318 1079 3466 penites

96 3405 204 3470 veluti
218 3404 396 3490 participes
416 3405 511 3488 regni
526 3403 709 3468 interficere
724 3402 895 3488 gestiebat.
926 3401 954 3468 Ο
992 3403 1081 3468 hane

97 3491 203 3578 igitur
211 3507 349 3554 cursam
362 3487 478 3553 urbem
490 3490 660 3575 antiquam
671 3497 705 3552 et
715 3487 860 3554 nobilem
873 3489 1038 3553 exscindit
1048 3496 1082 3552 et
1142 3493 1216 3554 348.
1234 3542 1237 3544 .

97 3576 216 3642 fratres
234 3574 317 3640 clim
333 3573 494 3640 destinato
510 3573 673 3662 supplicio
689 3572 806 3656 tradit,
829 3573 1018 3660 praedaque
1033 3575 1080 3637 in-

909 3675 926 3728 5
