2658 4244
251 325 289 383 48
540 329 682 382 JUSTINI
698 331 948 386 msuomtsuu

250 480 334 560 nias,
350 478 586 546 Thebanorum
601 483 766 569 princeps,
783 484 844 548 etsi
860 483 1081 570 publicisnon
1094 495 1232 573 poterat,

250 565 388 650 privatis
401 573 511 630 tamen
525 566 652 632 viribus
665 566 853 654 adjuvabat,
869 578 901 632 et
912 570 1040 656 Lysias,
1055 572 1234 656 Syracusa

249 672 314 714 nus
337 659 461 732 orator,
485 652 577 716 exsul
598 662 695 731 tunc,
719 655 917 739 quingentos
932 655 1052 720 milites
1067 659 1233 744 stipendio

132 745 136 756 ’
251 754 310 800 suo
325 737 502 800 instructos
518 739 553 801 in
569 738 730 802 auxilium
741 741 868 823 patriae
879 744 1063 806 eommunis
1076 742 1233 828 eloquen-

195 823 316 886 eseiae
336 821 434 884 misit.
471 821 528 885 Fit
549 823 651 908 igitur
673 845 827 908 asperum
842 825 1015 910 proelium.
1046 825 1113 892 Sed
1129 849 1234 913 quum

251 907 329 970 hine
350 927 410 992 pro
432 908 540 992 patria
560 909 699 998 summis
715 909 858 991 viribus,
882 910 961 974 inde
976 931 1036 995 pro
1053 911 1163 976 aliena
1180 914 1234 976 do-

250 992 431 1054 minatione
457 994 591 1077 segnius
621 1002 838 1078 pugnaretur,
872 997 1008 1079 tyranni
1035 997 1233 1081 vincuntur,
1308 1061 1309 1064 ,

249 1078 330 1140 vieti
350 1077 386 1140 in
408 1076 524 1141 urbem
538 1079 723 1162 refugiunt,
748 1101 847 1165 quam
862 1081 1058 1146 exhaustam
1073 1081 1233 1147 caedibus

1303 352 1308 382 l

1297 82 1307 347 l

199 1169 239 1228 45
250 1163 337 1243 suis,
369 1164 467 1226 etiam
497 1165 596 1227 armis
626 1164 777 1250 spoliant.
828 1164 961 1230 Deinde
988 1189 1090 1254 quum
1116 1189 1233 1232 omnes
1308 1161 1309 1226 j

249 1247 470 1312 Athenienses
501 1248 699 1333 proditionis
729 1258 897 1334 suspectos
928 1250 1101 1332 habeient,
1131 1252 1233 1318 demi·
1305 1233 1309 1342 l

250 1353 346 1418 gnare
369 1353 423 1396 eos
447 1355 489 1396 ex
511 1333 593 1396 urbe
612 1333 750 1419 jubent,
774 1337 856 1398 etin
871 1335 1017 1400 brachiis
1031 1339 1129 1417 muri,
1147 1359 1233 1424 quae

250 1419 359 1482 diruta
372 1418 511 1500 fuerant,
527 1418 685 1500 habitare,
701 1421 867 1484 extraneis
882 1421 1042 1486 militibus
1053 1423 1233 1506 imperium

248 1510 387 1567 tuentes.
424 1504 503 1567 Post
514 1503 596 1566 haec
604 1503 851 1592 Thrasybulum
864 1527 1083 1590 corrumpere,
1099 1509 1233 1594 imperii
1306 1525 1307 1528 ¹

198 1597 239 1654 46
249 1589 438 1653 societatem
466 1587 661 1673 pollicentes
669 1638 678 1669 ‚
706 1599 878 1654 conantur.
924 1590 1022 1671 Quod
1038 1613 1148 1677 quum
1164 1614 1233 1657 non

250 1675 457 1760 contigisset,
474 1673 600 1737 auxilia
611 1696 631 1737 a
641 1674 914 1740 Lacedaemoniis
953 1677 1092 1760 etivere3
1108 1677 1233 1763 quibus

250 1761 374 1841 accitis,
389 1761 507 1823 iterato
520 1759 736 1846 proeliantur.
763 1760 804 1823 In
820 1782 858 1824 eo
872 1697 961 1825 bellb
975 1761 1094 1826 Critias
1106 1771 1139 1826 et
1150 1763 1233 1849 Hip-

242 1845 419 1933 polochus,
435 1846 583 1910 omnium
597 1853 814 1932 tyrannorum
828 1847 1022 1928 saevissimi,
1039 1847 1173 1912 eadunt

509 2081 643 2150 Tyranni
659 1998 971 2150 Aetlitliilsxpellnntur.

196 2197 237 2252 47
313 2186 440 2253 Ceteris
454 2185 561 2266 victis,
577 2207 680 2271 quum
692 2185 910 2250 Athenienses
923 2207 1055 2272 quoque
1066 2186 1231 2272 fugerent,

246 2293 370 2358 magna
389 2292 472 2335 voce
493 2269 723 2356 Thrasybulus
746 2271 925 2352 exclamat,
949 2294 1063 2336 curse
1084 2282 1232 2338 victorem

244 2367 374 2439 sopiant
390 2365 513 2436 potius,
537 2377 630 2436 quum
653 2368 687 2421 ut
706 2364 858 2421 vindicent
882 2363 1051 2422 eommunis
1073 2363 1233 2424 libertatis

248 2450 419 2524 adJ'uvent?
463 2449 577 2508 Civium
608 2449 692 2506 illam
722 2450 917 2527 meminerint
938 2450 1055 2520 aciem,
1084 2465 1149 2507 non
1170 2449 1231 2509 'ito-

247 2523 338 2596 stium
361 2551 448 2604 esse·
470 2551 530 2594 nee
547 2549 582 2591 se
605 2534 675 2591 ideo
700 2549 789 2590 arma
812 2535 944 2608 cepisse,
966 2539 1001 2592 at
1015 2533 1123 2608 aliqua
1139 2537 1232 2594 victis

248 2623 376 2695 adimat,
399 2621 458 2678 sed
476 2627 512 2678 ut
533 2619 677 2691 adempta
699 2621 860 2689 restituam
881 2620 1010 2691 tripittta
1030 2635 1067 2676 se
1082 2621 1230 2692 dominis,

246 2722 310 2765 non
344 2707 464 2764 civitati
495 2705 605 2764 bellum
637 2704 766 2776 inferre.
830 2697 998 2762 Admonet
1027 2697 1149 2762 deinde
1179 2721 1232 2763 co-

246 2785 429 2871 gnationis,
445 2783 568 2868 legum,
585 2799 753 2846 sacrorum
770 2784 1005 2864 communium,
1019 2790 1091 2847 tum
1103 2785 1232 2848 vetusti

245 2893 306 2957 per
331 2877 380 2933 tot
400 2867 490 2932 bella
513 2867 713 2951 commilitii,
745 2875 829 2948 orat,
860 2877 1066 2934 misereantur
1087 2876 1230 2933 exsulum

246 2965 368 3034 civium,
391 2961 422 3020 si
436 2967 498 3018 tam
506 2961 669 3033 patienter
685 2961 748 3033 istst
761 2962 919 3030 serviant;
941 2960 1078 3018 reddunt
1090 2959 1156 3018 sibi
1163 2957 1231 3033 pass

194 3049 234 3108 48
245 3051 353 3131 triam,
376 3047 539 3119 accipiant
552 3045 734 3104 libertatem.
778 3038 840 3102 His
855 3038 994 3103 vocibus
1009 3047 1139 3102 tantum
1155 3059 1230 3121 pro-

245 3137 371 3194 motum
395 3133 460 3207 est,
483 3131 521 3189 ut
541 3143 693 3188 reversus
715 3125 750 3187 in
771 3123 888 3189 urbem
904 3124 1067 3188 exereitus
1089 3125 1232 3208 triginta

244 3222 403 3299 tyrannos
417 3211 579 3296 emigrare
587 3208 748 3273 Eleusina
754 3210 895 3297 juberet,
908 3208 1091 3272 substitutis
1102 3209 1229 3290 decem,

267 3301 303 3363 ui
318 3296 558 3382 rempublicam
574 3304 743 3380 regerent3
764 3297 828 3382 qui'
836 3294 921 3359 nihil
938 3295 1090 3394 exemplo
1105 3295 1229 3379 prioris

245 3321 479 3448 dominationis
487 3381 603 3463 territi,
611 3381 748 3445 eandem
761 3384 850 3446 viam
863 3377 1229 3464 crudelitatlsaggressi

194 3478 331 3536 ltisunt.
369 3469 460 3533 Dum
483 3468 570 3531 haee·
588 3475 749 3552 aguntur,
772 3467 951 3530 nunciatur
965 3463 1228 3544 Lacedaemone,

243 3553 369 3622 bellum
397 3554 538 3618 Athenis
564 3553 744 3636 exarsisse3
769 3554 810 3617 ad
823 3549 923 3639 ,quod
939 3549 1227 3634 comprimendum
