2666 4246
496 345 605 398 amna
620 345 722 398 mu.
845 338 851 343 ’
1059 341 1096 402 ll

114 497 239 562 Bruttii
253 494 462 582 Sabinique?
491 495 582 576 Quid
597 495 793 560 Samnites?
809 494 899 574 Quid
915 495 1098 576 Tarentini,

117 604 202 667 quos
223 581 472 646 Lacedaemone
497 580 658 666 profectos
680 579 943 664 Partheniosque
965 589 1099 646 vocatos

117 665 331 750 accepimus?
361 664 586 730 Thurinorum
601 664 717 730 urbem
733 663 921 728 condidisse
936 663 1099 729 Philocte-

116 760 174 816 ten
197 751 316 832 ferunt,
347 749 461 850 ibique
483 750 594 814 adhuc
615 759 864 814 monumentum
888 751 959 836 ejus
981 749 1100 814 visitur
1141 759 1143 762 '

118 843 153 900 et
165 836 319 900 Herculis
342 845 480 919 sagittae
495 837 530 898 in
545 835 711 918 Apollinis
733 834 866 918 templo,
890 855 975 920 quae
994 834 1098 898 fatum

118 920 239 1007 Trojae
259 920 361 984 fuere.
391 921 610 1004 Metapontini
632 941 765 1005 quoque
786 920 822 984 in
841 919 963 1004 templo
978 919 1099 983 Miner·

118 1027 181 1070 vae
202 1005 410 1085 ferramenta,
439 1005 561 1090 quibus
582 1005 703 1089 Epeos,
733 1026 754 1068 a
775 1026 841 1089 quo
864 1004 988 1068 conditi
1010 1013 1099 1084 sunt,

118 1090 436 1178 equumTrojanum
451 1089 634 1169 fabricavit,
650 1098 825 1155 ostentant.
855 1090 994 1176 Propter
1009 1089 1099 1174 quod

119 1175 226 1240 omnis
249 1174 309 1241 illa
329 1195 407 1261 pars
428 1175 544 1240 Italiae
567 1175 672 1262 Major
687 1173 832 1240 Graecia
851 1175 1018 1262 appellata
1040 1183 1099 1238 est.

179 1410 267 1466 Bella
282 1410 364 1467 inter
380 1327 620 1482 neuponuddd'
631 1329 851 1482 (llutomenscs,
869 1410 1044 1468 Locrenses.

182 1515 352 1598 Principio
375 1516 541 1600 originum
555 1514 775 1600 Metapontini
799 1537 875 1580 cnm
890 1514 1129 1601 Sybaritanist

119 1611 152 1665 et
173 1599 447 1666 Crotoniensibus
474 1600 599 1685 pellere
620 1609 747 1665 eeteros
769 1599 914 1665 Graecos
938 1622 981 1664 ex
1002 1600 1100 1665 Italia

119 1693 314 1750 statuerunt
359 1685 471 1766 Quum
494 1686 639 1772 primum
661 1685 776 1750 urbem
799 1685 899 1750 Sirim
922 1687 1098 1770 cepissent,

120 1770 366 1856 qninquaginta
387 1771 541 1856 juvenes,
570 1770 741 1856 amplexos
768 1770 940 1834 Minervae
967 1769 1100 1834 simula·

119 1859 223 1936 crum,
246 1856 514 1942 sacerdotemque
537 1855 618 1920 deae
635 1855 781 1918 velatum
796 1857 998 1922 ornamentis
1013 1856 1101 1920 inter

119 1941 194 2026 ipsa
216 1939 335 2005 altaria
355 1940 613 2006 trucidaverunt
659 1939 712 2005 Ob
733 1939 816 2004 haec
838 1962 941 2026 quum
960 1948 1053 2024 peste
1068 1948 1130 2006 att

120 2025 338 2090 seditionibus
366 2035 578 2106 vexarentur,
606 2026 732 2108 priores
762 2024 994 2092 Crotonienses
1020 2025 1100 2090 Del·

118 2110 256 2195 phicum
289 2110 460 2176 oraculum
492 2109 654 2176 adierunt.
698 2110 915 2196 ¹Responsum
949 2109 1001 2174 his
1034 2120 1099 2176 est:

117 2205 212 2272 finem
234 2203 310 2262 mali
328 2203 409 2275 sore,
433 2205 462 2261 st
484 2203 629 2261 violatum
645 2201 807 2260 Minervae
828 2218 938 2260 namen
960 2210 989 2262 et
1004 2205 1100 2261 inter-

13 2277 14 2300 *
116 2288 274 2358 sectorum
307 2303 414 2346 manes
440 2287 635 2360 ,placassent
689 2280 806 2366 Itaque
839 2303 941 2366 quum
974 2287 1101 2346 statuas

113 2369 228 2452 justae
250 2365 489 2451 magnitudinis
506 2365 688 2452 juvenibus
703 2374 737 2429 et
749 2365 913 2450 imprimis
928 2367 1104 2430 Minervae

118 2451 282 2516 fabricare
311 2451 510 2536 coepissent,
538 2449 771 2536 Metapontini,
802 2452 934 2535 cognito
966 2451 1100 2515 oraculo

119 2535 272 2617 deorum,
304 2535 531 2620 occupandam
559 2536 707 2600 manium
730 2545 763 2599 et
784 2535 866 2599 deae
887 2557 1004 2620 pacem
1026 2536 1101 2615 rati,

114 2620 299 2707 juvenibus
326 2621 456 2684 modica
486 2630 519 2685 et
544 2619 677 2707 lapidea
704 2619 882 2684 simulacra
909 2628 1039 2706 ponunt
1068 2627 1103 2684 et

120 2705 217 2770 deam
239 2706 404 2792 panifieiis
426 2705 570 2790 placant.
613 2706 725 2790 Atque
745 2706 792 2769 ita
805 2706 907 2791 pestis
923 2705 1102 2790 utrobique

120 2791 236 2857 sedata
263 2799 323 2872 est,
352 2813 455 2876 quum
484 2791 579 2855 alteri
608 2789 865 2874 magnificentia,
895 2791 990 2854 alteri
1012 2789 1101 2856 velo·

121 2876 220 2940 citata
239 2884 430 2948 certassent.
473 2877 679 2963 Recuperata
693 2877 843 2958 sanitate,
865 2875 1007 2940 non-diu
1024 2875 1130 2942 Oro-7

122 2962 289 3026 tonienscs
309 2962 476 3047 quievere.
509 2961 627 3046 Itaque
641 2961 863 3046 indignantes,
879 2961 914 3024 in
931 2982 1101 3046 oppugna-

121 3047 210 3110 tione
233 3045 319 3110 Siris
336 3046 499 3110 auxilium
522 3055 637 3128 contra
656 3069 691 3112 se
713 3068 735 3110 a
753 3045 974 3112 Locrensibus
996 3045 1101 3108 latum

123 3153 204 3211 esse,
233 3129 360 3195 bellum
386 3131 444 3196 his
461 3131 655 3196 intulerunt.
700 3131 775 3211 Quo
801 3140 892 3194 metu
912 3130 1017 3194 territi
1037 3129 1101 3194 Lo·

13 3209 14 3230 ³
122 3237 255 3280 crenses
277 3215 357 3282 ads
381 3227 514 3282 artanos
536 3217 731 3298 decurrunt,
754 3216 917 3280 auxilium
931 3214 1100 3300 supplices

121 3310 309 3386 precantur.
355 3240 421 3382 llli,
444 3301 628 3388 longinqua
642 3301 761 3365 militia
815 3301 914 3380 arati,
937 3299 1100 3365 auxilium

123 3407 142 3450 a
165 3385 301 3458 Castore
324 3395 357 3451 et
378 3385 515 3450 Polluce
536 3395 648 3470 petere
670 3407 727 3452 eos
743 3323 874 3472 juldent.
919 3385 1035 3470 Neque
1057 3383 1132 3452 les

14 3516 18 3532 .
123 3472 192 3570 gati
211 3492 406 3572 responsum
430 3472 538 3538 sociae
562 3471 653 3536 urbis
669 3479 874 3572 spueremnt,
896 3471 1102 3571 prpfeotique

122 3578 157 3620 m
179 3577 369 3642 proximum
392 3556 553 3642 templum
565 3556 658 3622 *facto
672 3555 835 3622 ,saonficro
850 3555 1012 3620 aumlrnm
1029 3555 1103 3622 deo-
