2666 4246
143 287 147 299 ,
252 327 292 388 90
532 327 673 379 JUSTINI
689 327 936 378 neronianum

251 501 565 558 reparamentum,
593 481 864 557 prcm'nepupere
883 485 932 542 itti
950 481 982 541 'et
999 482 1183 542 indecorum
1198 491 1233 543 et

245 571 456 644 periculosum
469 585 550 627 aare.
579 568 616 626 Ia
633 583 724 641 quum
739 583 804 626 rem
818 571 942 628 unicum
950 570 1071 641 pierres
1087 569 1166 638 fidei
1178 583 1229 628 re-

251 657 335 727 piae,
351 655 493 712 dextram
506 671 544 711 se
554 651 721 725 [aeneam
736 653 917 712 Alexandro
934 655 1021 712 dore.
1054 645 1135 710 Post
1148 645 1232 711 haec

203 739 241 798 51
252 742 402 816 porrecta
416 741 519 796 manu
533 731 722 816 exspiravit
755 729 851 810 Quae
865 731 926 795 u'bi·
939 730 1131 796 Alexandro
1147 753 1232 795 nun·

253 818 338 880 ciata
353 826 444 898 sunt,
466 817 538 880 vise
558 837 695 900 corpore
714 815 878 896 defuncti,
902 826 969 880 tam
983 815 1157 900 indignam
1172 815 1232 880 illo

251 903 382 985 fastigio
409 910 546 964 mortem
568 899 712 963 lacrimis
731 910 924 985 prosecutus
948 909 1022 980 est,
1044 921 1234 988 corpusque

252 988 343 1068 regio
359 1007 449 1048 more
464 983 606 1070 sepeliri,
623 992 654 1046 et
668 983 825 1070 reliquias
838 987 908 1070 ejus
920 987 1082 1071 majorum
1093 985 1232 1051 tumulis

252 1069 366 1134 inferri
375 1071 484 1157 jussit

663 1187 819 1202 nanu-⁸*

278 1350 284 1357 .
529 1329 539 1401 Ἰ
619 1287 766 1364 LIBER
787 1287 869 1384 XV.
923 1327 952 1384 3.

316 1412 505 1501 Reliquae
530 1413 749 1486 Alexandri
774 1412 909 1502 Magni
934 1433 998 1484 res
1023 1417 1172 1502 gestae.

298 1639 383 1710 Agis,
400 1653 457 1696 rex
474 1559 841 1720 Laccdnenomfiirlmfao
860 1641 1019 1714 Antipatro
1036 1641 1186 1698 siscitar-

226 1755 243 1812 1
317 1741 508 1808 Alexander
528 1743 565 1806 in
586 1743 814 1844 persequendo
829 1743 932 1808 Dario
955 1745 1090 1810 amissos
1111 1742 1233 1808 milites

254 1829 384 1911 magnis
398 1827 552 1892 funerum
567 1827 725 1913 impensis
740 1829 877 1911 extulit3
900 1829 1035 1914 reliquis
1050 1827 1234 1914 expeditio·

253 1915 305 1977 nis
321 1915 391 1998 ejus
407 1912 503 1976 sociis
520 1911 677 1976 tredecim
688 1913 794 1978 millia
805 1913 964 1978 talentum
977 1913 1098 1976 divisit.
1120 1913 1233 1999 Equo·

253 2019 326 2060 rum
342 1999 446 2082 major
461 2017 537 2080 pars
554 2007 648 2062 aestu
662 1999 796 2078 amissa,
818 1995 1017 2083 inutilesque
1039 1999 1152 2078 etiam,
1177 1997 1235 2083 qui

254 2081 498 2164 superfuerant,
528 2081 616 2146 facti.
661 2082 808 2146 Pecunia
830 2085 958 2162 omnis,
980 2091 1111 2146 centum
1132 2101 1234 2146 nona·

255 2165 347 2248 ginta
361 2164 466 2227 millia
480 2165 655 2248 talentum,
671 2167 1022 2251 Ecbatana'c'ongesta,
1045 2167 1142 2252 eique
1156 2165 1236 2230 Par·

254 2251 363 2314 menio
380 2251 594 2334 praepositus.

226 2344 245 2402 ἵ
319 2335 408 2397 Dum
425 2334 506 2398 haec
521 2344 675 2419 aguntur,
691 2356 709 2399 e
732 2333 849 2400 istolae
863 2335 1033 2418 Antipatri
1048 2358 1066 2399 e
1082 2334 1235 2400 Maccdo-

254 2421 311 2483 nia
326 2420 356 2482 ei
371 2419 564 2500 redduntur,
581 2358 840 2504 quibuslrellum
856 2420 984 2504 Agidis,
1000 2423 1088 2505 regis
1102 2420 1236 2506 Sparta·

254 2526 382 2585 norum,
405 2506 439 2568 in
457 2503 607 2584 Graecia,
622 2503 749 2570 bellum
765 2503 959 2585 Alexandri,
975 2507 1062 2590 regis
1078 2505 1186 2590 Epiri,
1199 2505 1236 2568 in

254 2591 364 2670 Italia,
381 2589 505 2654 bellum
520 2589 593 2674 Zop
635 2590 744 2670 onis,
755 2589 911 2674 praefecti
927 2591 1012 2676 ejus,
1035 2590 1071 2652 in
1085 2589 1235 2674 Scythia,

255 2675 495 2740 continebatur.
526 2673 593 2754 Qui
617 2697 655 2738 us
671 2675 763 2738 varie
777 2673 929 2754 affectus,
952 2674 1028 2759 plus
1044 2683 1156 2738 mmen
1171 2673 1235 2739 lae·

254 2759 361 2838 titiae,
385 2759 524 2841 cognitis
540 2757 700 2823 mortibus
719 2759 860 2826 duorum
882 2759 1086 2824 aemulorum
1107 2778 1235 2843 regum,

256 2863 355 2928 quam
382 2842 503 2905 doloris
530 2845 643 2908 amissi
670 2865 746 2908 cum
771 2843 959 2928 Zopyrione
989 2844 1155 2908 exercitus
1184 2861 1236 2906 su·

226 2929 367 3013 3scepit.
397 2926 549 3012 Namque
563 2937 637 3013 post
651 2927 884 3014 profectionem
897 2927 1081 2994 Alexandri
1092 2927 1236 2994 Graecia

255 3012 322 3076 fere
346 3012 452 3074 omnis
474 3013 510 3074 in
533 3013 738 3078 occasionem
753 3013 999 3096 recuperandae
1015 3011 1177 3094 libertatis
1193 3010 1236 3076 ad

256 3119 346 3160 arma
360 3105 579 3178 concurrerat,
595 3099 820 3164 auctoritatem
833 3097 1173 3162 Lacedaemoniorum
1189 3118 1236 3162 se

256 3191 346 3263 outa,
371 3183 428 3268 qui
442 3181 592 3266 Philippi
606 3183 857 3269 Alexandriqua
879 3191 911 3246 et
932 3203 1048 3268 paoem
1070 3178 1135 3246 soli
1148 3203 1236 3267 spre

125 3297 130 3304 ·
225 3276 372 3334 dverant
387 3277 419 3330 et
434 3266 524 3351 leges
539 3277 742 3354 respuerant.
769 3266 850 3332 Dux
865 3266 963 3352 hujus
974 3265 1056 3330 belli
1066 3267 1160 3351 Agis,
1175 3287 1237 3330 rex

254 3351 602 3433 Lacedaemoniorum,
617 3352 693 3436 luit5
714 3373 813 3438 quem
825 3361 953 3417 motum
969 3351 1145 3438 Antipater
1158 3372 1236 3416 con-

255 3438 365 3500 tractis
382 3435 543 3502 militibus
554 3437 592 3500 in
607 3438 685 3521 ipso
695 3446 770 3504 ortu
785 3437 955 3521 oppressit.
986 3435 1110 3522 Magna
1123 3444 1236 3502 minen

255 3521 421 3606 utrimque
434 3521 554 3586 caedes
569 3521 642 3586 fuit.
664 3521 834 3606 Agisrex,
852 3543 955 3608 quum
970 3541 1047 3586 suos
1059 3531 1156 3606 terga
1164 3543 1237 3586 ver-
