2666 4246
490 345 602 396 LIBER
617 347 674 396 XX.
1015 341 1072 404 1⁴25

91 520 179 560 vere.
211 497 370 582 Utrisque
385 495 594 580 negantibus,
611 495 654 558 ad
671 495 877 575 Clearchum,
894 517 992 582 quem
1007 497 1102 581 ipsiu

91 583 127 650 in
142 583 299 647 exsilium
318 591 464 665 egerant,
486 581 673 644 decurrunt.
713 579 821 644 Tanta
836 580 1072 646 calamitatium

91 669 274 732 necessitas
290 667 362 748 fuit,
377 675 423 747 ut,
447 666 502 730 cui
516 667 656 751 patriam
672 665 922 747 interdixerant,
940 688 1013 730 eum
1031 667 1073 732 ad

91 753 229 818 tutelam
253 753 379 837 patriae
402 760 605 817 revocarent.
644 750 711 816 Sed
732 750 929 832 Clearchus,
955 752 1101 818 exsilioss
1217 767 1222 778 ¹

91 839 310 902 facinorosior
331 836 480 902 redditus
496 847 528 900 ot
543 837 783 902 dissensionem
798 836 915 920 populi
930 838 1073 901 occasio·

91 945 166 986 nem
183 921 393 986 invadendae
409 923 594 1006 tyrannidis
611 923 814 1003 existimans,
839 944 883 986 ex
902 921 1072 987 defensore

92 1008 277 1072 senatoriae
299 1029 418 1070 causae
441 1018 575 1092 repente
597 1017 756 1092 patronus
779 1007 885 1090 plebis
902 1009 1016 1089 evasit,
1041 1016 1073 1071 et
1103 1040 1107 1064 ‹

93 1093 254 1156 adversus
271 1101 421 1156 auctores
437 1095 603 1176 potentiae
616 1115 706 1172 suae,
727 1115 747 1158 a
762 1091 882 1178 quibus
898 1102 1071 1158 revocatus

91 1179 125 1242 in
145 1179 299 1262 patriam,
322 1199 382 1262 per
405 1200 490 1263 quos
510 1179 547 1242 in
570 1199 645 1242 arce
667 1177 845 1242 collocatus
865 1178 981 1258 fuerat,
1003 1200 1071 1242 non

93 1263 198 1328 solum
222 1263 354 1346 plebem
376 1263 544 1344 accendit,
571 1285 686 1327 verum
715 1263 813 1328 etiam
835 1263 1072 1328 nefandissima

24 1365 25 1410 1
93 1371 177 1432 quae
204 1369 245 1412 ue
263 1349 456 1432 tyrannicae
471 1348 674 1412 crudelitatis
692 1349 848 1414 exercuit.
885 1348 996 1430 Quum
1012 1350 1100 1434 igis

92 1444 144 1497 tur
159 1455 197 1496 so
213 1433 337 1498 licitata
351 1431 446 1519 plebs
463 1456 627 1498 summum
644 1433 775 1498 adeum
792 1435 968 1518 imperium
981 1433 1072 1498 detu-

24 1545 25 1548 ’
92 1519 200 1598 lisset,
224 1517 405 1584 Clearchus
428 1519 603 1601 sexaginta
625 1530 791 1584 senatores
813 1519 1070 1604 comprehensos

24 1617 26 1672 }
93 1605 183 1689 (nam
201 1605 302 1668 ceteri
316 1604 351 1666 in
366 1605 479 1688 fugam
499 1603 625 1692 dilapsi
641 1605 749 1691 erant)
769 1605 804 1668 in
826 1605 961 1669 vincula
986 1627 1070 1669 com·

24 1683 26 1730 l
92 1691 211 1774 pingit.
254 1689 286 1752 A
308 1688 429 1836 ‹puibus
456 1711 558 1774 quum
583 1682 737 1774 mdgnam
760 1690 951 1774 pecuniam,
976 1691 1071 1776 quasi

93 1776 190 1838 minis
221 1775 337 1858 popui
365 1773 492 1839 occulte
514 1795 579 1838 eos
609 1775 851 1856 subtracturus,
877 1777 1070 1858 accepisset,

93 1860 249 1944 spoliatos
263 1859 404 1926 fortunis
418 1861 488 1924 vita
502 1883 633 1946 quoque
650 1859 812 1944 spoliavit.
1152 1868 1153 1876 ’

511 2012 587 2065 ΟΑΡ.
604 2015 654 2065 ΙΠ.

394 2096 555 2152 Clearchus
572 2096 768 2153 interficitur.

156 2199 299 2284 Cognito
309 2198 439 2279 deinde,
451 2199 577 2263 bellum
589 2200 653 2263 sibi
665 2200 707 2264 ab
718 2201 769 2282 iis,
783 2199 1071 2286 quiprofugerant,
1083 2206 1123 2262 10

95 2287 214 2368 parari,
247 2306 358 2348 servos
388 2307 502 2348 eorum
524 2286 742 2368 manumittit3
772 2297 802 2348 et
824 2306 866 2348 ne
889 2285 970 2370 quid
991 2284 1070 2348 mali

96 2369 225 2432 afflictis
242 2368 483 2435 honestissimis
501 2369 656 2434 domibus
666 2371 805 2450 deesset,
820 2391 941 2434 uxores
956 2391 1070 2434 eorum

95 2454 248 2540 filiasque
275 2453 401 2518 nubere
422 2457 526 2520 servis
550 2458 629 2536 suis,
652 2457 821 2540 proposita
843 2453 1070 2519 recusantibus

94 2550 207 2620 morte,
232 2538 409 2624 compellit,
429 2550 467 2606 ut
488 2562 543 2604 eos
565 2541 629 2606 sibi
650 2541 783 2606 fidiores
805 2550 837 2604 et
858 2540 1000 2604 dominis
1023 2540 1071 2601 in-

94 2625 245 2691 festiores
254 2624 416 2692 redderet.
443 2625 510 2692 Sed
520 2627 677 2692 rnatronis
690 2627 924 2710 tamlugubres
935 2625 1071 2708 nuptiae
1083 2639 1120 2698 11

94 2711 263 2794 graviores
285 2711 358 2794 ipsa
378 2721 484 2775 morte
506 2711 606 2776 fuere.
650 2712 767 2798 Itaque
789 2711 912 2774 multae
935 2732 969 2774 se
995 2718 1071 2774 ante

94 2797 237 2880 nuptias,
260 2795 384 2866 multae
404 2796 439 2859 in
463 2798 544 2884 ipsis
566 2798 703 2880 nuptiis,
727 2797 845 2862 occisis
869 2797 961 2881 prius
975 2797 1072 2860 novis

95 2882 235 2960 maritis,
257 2881 470 2946 interficiunt.
515 2883 682 2948 Proelium
706 2881 825 2948 deinde
847 2883 1123 2960 commiseram

96 2987 160 3052 quo
182 2968 288 3030 victor
310 2976 471 3052 tyrannus
494 2971 641 3050 captivos
665 2977 832 3032 senatores
854 2969 889 3030 in
912 2967 1072 3050 triumphi

94 3050 227 3115 modum
244 3073 303 3136 per
317 3053 440 3116 civium
456 3052 701 3116 multitudinem
717 3053 827 3120 trahit.
857 3053 1021 3122 Reversus
1036 3054 1072 3114 in

96 3137 210 3200 urbem
227 3137 308 3200 alios
321 3137 433 3217 vincit,
449 3147 580 3223 torquet
596 3138 688 3218 alios,
705 3137 787 3203 alios
805 3137 942 3218 occidit3
958 3135 1071 3199 nullus

96 3220 186 3286 locus
208 3221 298 3285 urbis
315 3245 335 3288 a
350 3222 542 3288 erudelitate
559 3225 692 3309 tyranni
709 3233 811 3288 vacat.
851 3220 989 3288 Accedit
1004 3242 1072 3284 sae·
1083 3229 1122 3287 13

96 3308 195 3370 vitiae
217 3306 410 3387 insolentia,
439 3307 629 3376 crudelitati
659 3309 857 3391 arrogantia.
902 3303 1072 3370 Interdum

97 3393 182 3454 enim
207 3414 250 3456 ex
270 3415 427 3459 successu
447 3395 623 3458 continuae
638 3392 802 3460 felicitatis
818 3392 1023 3458 obliviscitur
1038 3414 1073 3456 se

98 3475 284 3560 hominemp
302 3477 467 3545 interdum
484 3479 504 3544 J
508 3480 580 3544 ovis
601 3501 635 3543 so
650 3478 757 3546 filiurn
773 3479 859 3544 dicit.
895 3477 998 3544 Ennti
1014 3497 1074 3561 per

97 3561 266 3644 publicum
296 3585 396 3630 aurea
424 3564 537 3649 aquila
565 3562 658 3630 uelut
685 3574 917 3648 argumentum
942 3564 1073 3649 generis
