2658 4244
499 355 609 407 LIBER
625 355 700 408 vm.
1051 357 1090 418 45

105 527 238 570 morum
255 506 390 570 luxuria
404 505 554 574 faciebat.
590 507 724 572 Veritus
746 508 849 594 igitur
869 510 1091 575 multitudinis

104 591 282 677 impetum,
294 591 403 657 denuo
413 594 450 656 in
461 591 686 658 voluntarium
698 593 853 658 exsilium
865 596 1091 682 proficiscitur.

229 828 427 885 Athenienses
444 747 682 898 proaldiiddr
698 832 873 889 vincuntur.
902 833 971 888 405.

171 933 291 1018 Itaque
314 931 445 1014 Cenon,
471 932 639 997 Alcibiadi
665 935 836 1017 suffectus,
862 935 989 1000 habens
1015 945 1091 1002 ante
1101 946 1140 1004 27

104 1018 232 1100 oculos,
242 1018 297 1080 eui
309 1016 386 1081 duci
396 1019 613 1100 successisset,
622 1019 760 1084 classem
771 1022 918 1084 maxima
928 1020 1092 1086 industria

105 1111 269 1186 exornat3‘
280 1101 338 1166 sed
353 1102 494 1167 navibus
511 1106 675 1168 exercitus
687 1106 807 1187 deerat,
823 1106 1008 1171 fortissimis
1021 1109 1091 1194 qui-

104 1190 238 1277 busque
253 1189 288 1252 in
297 1188 397 1252 Asiae
411 1188 625 1275 populatione
640 1192 777 1256 amissis.
800 1192 982 1255 Armantur
996 1213 1091 1257 senes

104 1272 343 1360 ctimpubcres
354 1275 459 1358 pueri,
476 1283 509 1337 et
517 1295 677 1340 numerus
688 1275 829 1340 militum
844 1275 915 1340 sine
927 1278 1090 1342 exercitus
1198 1285 1206 1298 ’

105 1360 227 1424 rubore
243 1381 284 1422 ex
309 1357 404 1423 letur.
430 1358 498 1424 Sed
511 1381 580 1424 non
594 1382 749 1446 magnam
764 1361 852 1427 bello
864 1383 989 1426 moram
1001 1371 1091 1428 aetas
1102 1371 1141 1430 28

104 1445 189 1510 fecit
197 1380 357 1527 imbellis3
374 1444 558 1509 caeduntur
568 1447 700 1530 passim,
717 1456 774 1512 ant
783 1447 947 1532 fugientes
957 1450 1091 1534 capiun-

105 1539 178 1610 tur,
202 1538 358 1615 tantaque
381 1539 506 1614 strages
526 1539 583 1594 aut
603 1531 785 1596 occisorum
808 1542 865 1597 ant
884 1534 1090 1620 captivorum

105 1615 180 1694 fuit,
196 1623 233 1679 ut
246 1613 500 1679 Atheniensium
515 1615 659 1680 deletum
673 1638 741 1681 non
760 1618 936 1705 imperium
951 1628 1091 1701 tantum,

106 1719 226 1764 verum
247 1701 345 1764 ctiam
364 1721 485 1764 nomen
506 1700 683 1765 videretur.
723 1703 778 1768 Ad
796 1711 922 1767 tantam
943 1705 1090 1790 inopiam

106 1785 320 1870 rediguntur,
336 1792 386 1866 ut,
407 1795 603 1872 consumpta
616 1787 752 1851 militari
767 1797 886 1870 aetate,
906 1790 1091 1872 peregrinis

106 1872 290 1950 civitatem,
320 1871 422 1934 servis
444 1870 645 1953 libertatem,
676 1873 839 1936 damnatis
860 1874 1091 1956 impunitatem

108 1956 236 2020 durent.
257 1956 312 2019 Ex
327 1977 394 2041 qua
408 1955 596 2020 colluvione
611 1957 784 2021 hominum
800 1959 984 2044 conscripto
1001 1977 1092 2022 exer·

108 2043 189 2123 citu,
204 2041 330 2104 domini
345 2049 442 2104 antea
453 2041 614 2106 Graeciae
627 2044 687 2107 vix
702 2042 888 2108 libertatem
903 2042 1091 2107 tuebantur.

106 2129 234 2193 Iterum
244 2136 354 2190 tamen
366 2125 531 2190 fortunam
543 2129 643 2191 maris
652 2128 887 2215 experiendam
899 2129 1092 2193 decernunt.
1102 2138 1141 2195 29

108 2212 217 2277 Tanta
230 2213 336 2276 virtus
352 2212 538 2276 animorum
554 2223 633 2294 erat,
654 2223 700 2296 ut,
739 2236 820 2277 uum
835 2213 936 2301 paulo
952 2223 1028 2278 ante
1043 2237 1092 2278 sa-

107 2298 212 2363 lutem
227 2297 488 2383 desperaverint,
510 2319 601 2362 nunc
621 2319 690 2362 non
713 2237 770 2364 des
796 2308 888 2363 erent
908 2300 1091 2364 victoriam.

107 2383 176 2448 Sed
190 2404 298 2470 neque
313 2384 342 2446 is
356 2383 451 2447 miles
464 2392 542 2465 erat,
559 2385 617 2470 qui
628 2406 749 2450 nomen
789 2383 1092 2449 thenicnsiumtuc·

106 2478 214 2550 retur,
241 2489 349 2555 neque
372 2469 555 2551 saevires,
584 2468 704 2556 quibus
726 2471 860 2534 vincere
883 2478 1091 2548 consuerant,

107 2576 218 2639 neque
234 2576 274 2618 ea
288 2555 425 2617 scientia
439 2553 590 2617 militaris
604 2555 640 2617 in
656 2553 723 2637 his,
748 2577 829 2642 quos
851 2553 1000 2635 vincula,
1023 2575 1091 2616 non

107 2649 216 2704 castra
227 2640 468 2703 continuerant.
487 2639 603 2726 Itaque
616 2661 728 2704 omnes
741 2649 797 2703 aut
805 2641 903 2726 capti,
916 2639 1090 2704 antoecisi.

107 2725 222 2806 Quum
237 2721 307 2788 dux
314 2723 430 2788 Conon
446 2747 484 2788 eo
500 2723 625 2810 proelio
637 2725 851 2810 superfuisset
862 2725 962 2806 solus,
978 2723 1092 2788 crude·
1102 2732 1143 2792 30

105 2811 234 2875 litatem
249 2810 373 2873 civium
386 2818 554 2891 metuens,
577 2831 653 2873 cum
676 2821 748 2875 octo
763 2811 906 2876 navibus
922 2810 966 2874 ad
979 2830 1091 2896 regem

106 2895 271 2983 Cyprium
286 2895 439 2960 concedit
450 2895 651 2980 Euagoram.

223 3133 452 3190 Atheniensium
468 3049 843 3202 posdilmvenm‘msepum
861 3131 974 3188 luctus.

163 3233 1017 3318 'AtduxLacedaemoniorum,rcbusfelicitergestis,
1027 3232 1090 3296 for·
1100 3239 1138 3298 31

104 3335 210 3389 tunae
229 3321 374 3386 hostium
396 3321 550 3404 insultat3
572 3323 719 3407 captivas
740 3343 844 3386 naves
866 3341 942 3382 cum
965 3317 1090 3403 praeda

103 3409 230 3474 bellica
251 3407 288 3470 in
314 3405 475 3490 triumphi
498 3405 633 3471 medum
655 3415 786 3472 ornatas
808 3406 909 3469 mittit
927 3403 1091 3468 Laccdae-

103 3515 224 3574 mona,
260 3513 299 3556 ac
326 3491 518 3556 tributarias
539 3491 794 3558 Atheniensium
817 3491 981 3571 civitates,
1006 3511 1089 3576 quas

102 3589 214 3644 metus
230 3575 352 3641 dubiae
366 3577 447 3642 belli
461 3577 612 3644 fortumae
627 3579 661 3642 in
676 3578 743 3642 fide
757 3586 921 3659 tenuerat,
942 3575 1092 3640 volunta
