2666 4246
437 343 546 396 LIBEB
562 344 663 396 XXIII.
681 343 777 394 XXIV.
1056 341 1095 400 15

113 505 205 562 hoste
227 507 281 560 aut
302 501 444 560 scrihere
465 503 534 560 siae
556 503 722 576 interprete
739 510 855 576 posset.
900 494 971 560 Nee
993 495 1147 560 mult023

159 591 191 646 st
212 579 406 666 Dionysius,
433 601 535 666 quem
562 579 662 666 paulo
685 587 764 645 ante
784 601 852 644 non
874 579 998 661 Sicilia,
1028 601 1097 646 non

113 666 214 732 talia
246 664 407 750 capiebat,
442 664 582 730 assiduis
616 664 695 730 belli
725 665 960 730 certaminibus
988 666 1097 730 victus

112 752 305 837 fractusque
320 750 451 814 insidiis
467 749 508 814 ad
520 759 722 834 postremum
739 772 873 816 suorum
890 748 1096 814 interficitur.
1163 756 1237 820 366.

531 926 684 934 ..ι-,Ἥ

408 1063 414 1072 ’
453 1055 600 1134 LIBER
625 1057 761 1136 XXIV.
830 1125 833 1134 ,

423 1182 637 1273 Dionysius
662 1182 799 1255 minor.

352 1412 489 1484 Dionysii
505 1414 537 1470 ln
554 1331 700 1482 digesios
719 1413 859 1470 saevitia.
893 1473 895 1480 ,

182 1516 358 1582 Exstincto
380 1517 416 1580 in
439 1517 555 1582 Sicilia
569 1517 732 1603 Dionysio
754 1526 907 1666 granna
931 1517 965 1579 in
989 1514 1098 1580 locum
1133 1528 1148 1583 1

117 1605 190 1668 e'us
219 1602 341 1666 milites
368 1603 552 1666 maximnm
581 1613 662 1667 natu
690 1625 733 1666 ex
779 1603 832 1666 liis
855 1603 937 1689 ejus,
966 1602 1125 1670 nomine,

151 1689 331 1773 ionysium,
354 1687 522 1770 suffecere,
546 1697 578 1760 et
598 1699 737 1752 naturae
754 1690 812 1773 jus
827 1687 941 1767 secuti,
965 1695 997 1750 et
1011 1685 1101 1771 quod

119 1773 247 1846 firmius
275 1773 422 1838 futurum
450 1795 524 1838 esec
553 1795 704 1857 regnum,
732 1773 760 1836 si
789 1793 892 1857 penes
907 1793 1030 1835 unum
1052 1792 1100 1834 re-

119 1858 303 1940 mansisset,
334 1879 434 1942 quam
465 1859 493 1921 si
519 1859 608 1922 inter
635 1857 747 1944 plures
777 1857 863 1921 filios
887 1855 1100 1930 divideretur,

119 1942 376 2007 arbitrabantur.
428 1942 494 2008 Sed
521 1944 714 2028 Dionysius
751 1943 837 2006 inter
873 1942 969 2006 initia
1005 1943 1102 2024 regni
1135 1952 1152 2008 2

119 2027 303 2092 avunculos
332 2028 470 2092 fratrum
499 2051 645 2109 suorum,
672 2027 778 2094 veluti
800 2025 947 2092 aemulos
969 2027 1102 2112 imperii
1142 2105 1145 2110 Ι

120 2114 174 2178 sui
207 2112 454 2200 hortatoresque
486 2135 664 2200 puerorum
698 2113 741 2178 ad
770 2113 967 2178 divisionem
996 2113 1101 2198 regni,

119 2198 236 2264 tollere
274 2198 443 2283 gestiebat.
495 2199 571 2280 Qua
606 2220 642 2262 re
671 2198 850 2285 .paulisper
886 2197 1101 2278 dissimulata,

119 2284 269 2348 animum
290 2284 382 2370 prius
405 2284 448 2348 ad
468 2285 615 2350 favorem
631 2283 842 2372 popularium
856 2281 1101 2348 conciliandum

119 2368 273 2450 intendit,
296 2370 485 2434 excusatius
506 2369 662 2451 facturus,
709 2370 775 2434 uod
797 2378 964 2450 statuerat,
987 2371 1016 2432 si
1030 2389 1104 2454 pro·

119 2453 222 2518 batus
252 2462 329 2518 ante
362 2454 516 2524 omnibus
548 2455 642 2520 foret.
686 2391 811 2541 ltaque
843 2474 1005 2519 nexorum
1040 2455 1104 2516 tria
1136 2463 1155 2520 3

119 2539 228 2606 millia
258 2562 276 2603 e
304 2559 436 2605 carcere
458 2539 603 2621 dimittit,
633 2539 757 2604 tributa
779 2538 902 2625 populo
924 2560 985 2623 per
1005 2539 1104 2602 trien-

118 2625 215 2689 nium
240 2625 386 2706 remittit,
408 2633 442 2689 et
464 2625 660 2774 (quibuscum
686 2648 727 2690 ue
746 2624 970 2689 delinimentis
985 2631 1103 2708 potest,

120 2711 251 2774 animm
274 2710 422 2776 omnium
444 2732 480 2775 so
494 2709 608 2775 licitat.
683 2730 750 2775 unc
771 2709 815 2774 ad
837 2709 1036 2774 destinatum
1058 2708 1104 2772 fa-

121 2796 219 2860 cinus
241 2815 431 2877 conversus,
454 2816 522 2860 non
545 2806 702 2881 cognatos
724 2803 853 2860 tantum
875 2795 1024 2874 fratrum,
1046 2793 1104 2858 sed

90 2887 92 2890 ’
121 2879 223 2944 etiam
251 2881 341 2968 ipsos
369 2881 534 2963 interficit,
564 2891 610 2962 ut,
640 2881 761 2967 quibus
788 2881 989 2946 consortium
1010 2880 1105 2965 regni

122 2964 283 3045 debebat,
315 2987 359 3030 ne
390 2966 524 3051 spiritus
554 2966 689 3054 quidem
718 2967 918 3031 consortium
942 2964 1106 3050 relinque·

122 3059 184 3130 ret,
217 3050 429 3136 tyrannidem
461 3053 497 3116 in
531 3073 608 3117 suos
640 3052 742 3137 prius,
778 3073 878 3137 quam
911 3051 946 3114 in
976 3058 1105 3113 exteros

124 3135 325 3221 auspicatus.

227 3242 230 3246 ·
470 3272 472 3276 ,
551 3223 628 3278 OAP.
645 3223 683 3278 n.

394 3305 533 3376 mensu
549 3307 634 3364 artes
650 3305 838 3376 tyrannicae.

187 3388 338 3456 Sublatis
370 3391 492 3457 deinde
525 3392 675 3474 aemulis,
708 3393 744 3456 in
777 3389 953 3491 segnitiam
983 3388 1107 3474 lapsus,
1138 3399 1158 3455 4

74 3501 76 3504 ·
197 3495 276 3540 uam
309 3476 456 3564 corporis
490 3497 534 3542 ex
565 3479 669 3542 nimia
701 3477 838 3542 luxuria
868 3475 1107 3561 oculorumque

124 3578 148 3622 v
182 3559 352 3626 etudiaem
375 3563 549 3642 contraxit,
573 3562 656 3628 adeo
678 3571 716 3628 nt
733 3583 801 3626 non
816 3559 930 3642 selem,
952 3581 1020 3626 non
1035 3560 1108 3647 pul-
