2658 4244
228 321 296 387 st*
396 345 401 358 ·
483 357 501 407 a,
538 321 679 380 Jusrnu
695 327 944 382 msrosrssuu

199 490 237 548 11
250 477 417 559 Thebanis
446 479 639 545 intulerunt
684 471 823 546 Factum
845 480 1067 566 Phocensium
1097 475 1245 554 tametsi

153 563 155 570 ⁴
250 566 362 629 cinnes
379 574 628 633 exsecrarentur
640 574 775 654 propter
789 565 1011 651 sacrilegium,
1026 566 1102 653 plus
1116 576 1236 632 tamen

248 650 395 715 invidiae
417 649 603 733 Thebanis,
632 673 652 715 a
674 651 864 737 quibus-ad
889 647 978 722 hanc
999 653 1236 734 necessitatem

248 735 409 822 compulsi
430 737 692 823 fuerantquam
705 738 787 823 ipsis
802 736 923 801 intulit.
957 736 1078 822 ¹Itaque
1102 739 1237 810 auxilia

248 819 300 884 his
325 830 358 884 et
384 820 425 884 ab
447 821 707 886 Atheniensibus
729 830 803 886 eta
824 820 1094 908 Lacedaemoniis
1117 825 1235 888 missa.

200 907 361 976 12Prima
388 907 490 990 igitur
527 909 759 992 congressione
800 901 1007 974 Philomelus
1049 907 1235 974 Thebanos

249 992 363 1055 castris
379 993 479 1055 exuit.
510 991 669 1077 Sequenti
683 991 808 1079 proelio
823 994 950 1078 primus
962 993 1050 1058 inter
1060 989 1235 1058 confertis·

249 1078 348 1141 simos
364 1073 525 1145 dimicans
541 1078 661 1144 cecidit
675 1087 708 1142 et
722 1077 839 1142 sacrils
864 1079 888 1141 'i
902 1099 1025 1163 poenas
1040 1079 1144 1165 impio
1155 1101 1234 1144 san-

249 1162 350 1247 guine
365 1162 436 1228 luit.
465 1163 505 1227 In
520 1163 619 1250 hujus
633 1163 744 1228 locum
758 1164 829 1228 dux
871 1163 1069 1256 nemarchus
1088 1173 1232 1228 creatur.

257 1366 288 1464 J
391 1399 550 1471 rumpant
568 1315 1091 1466 raaaaiiiiallaasa1aaaa..
1174 1415 1178 1424 ·

199 1515 238 1574 13
312 1497 482 1570 Adversus
499 1521 579 1568 *eum
601 1503 754 1568 Thebani
769 1503 985 1590 Thessalique
1003 1525 1071 1594 non
1091 1526 1135 1568 ex
1150 1503 1239 1568 eivi·'

248 1590 311 1654 bns
328 1589 412 1669 suis,
435 1610 478 1654 ne
492 1590 626 1676 victoris
647 1592 828 1674 potentiam
842 1599 1048 1676 paterentur,
1071 1589 1131 1655 sed
1152 1587 1233 1656 Phi-

247 1675 386 1762 lippum,
402 1673 617 1738 Macedonias
631 1691 761 1760 regem,
783 1675 902 1740 ducem
917 1675 1066 1760 eligunt,
1077 1683 1109 1740 et
1124 1684 1231 1741 exter·

247 1782 311 1824 nae
327 1760 552 1840 dominationi,
569 1783 669 1846 quam
683 1763 720 1824 in
735 1762 803 1826 suis
818 1763 1009 1842 timuerunt,
1025 1769 1142 1846 sponte
1157 1781 1230 1824 suc-

199 1856 239 1914 14
248 1846 380 1913 cedunt.
410 1845 527 1930 Itaque
541 1839 717 1932 Philippus
723 1874 742 1927 ‚·
757 1845 852 1932 qnasi
868 1846 1042 1932 sacrilegii,
1059 1861 1127 1908 non
1143 1845 1230 1910 The-

248 1931 411 1996 banorum
432 1931 521 1995 ultor
543 1939 642 2012 esset,
666 1952 779 1995 ornnes
798 1931 921 1995 milites
937 1939 1073 1995 coronas
1095 1930 1229 1995 laureas

244 2013 385 2098 'sumere'
392 2014 503 2102 jubet,
525 2025 624 2102 atque
644 2011 691 2080 ita
711 2011 998 2081 veluti-deodu'ce
1013 2018 1049 2080 in
1057 2013 1230 2103 'proelium

248 2102 366 2186 pergit.
410 2101 620 2183 Phocenses,
636 2101 823 2186 insignibus
846 2102 900 2168 dei
922 2102 1122 2188 conspectis,
1150 2099 1236 2166 cum.

249 2187 388 2250 scientia
411 2185 604 2250 delictorum
623 2189 748 2274 territi,
768 2183 904 2276 abjectis
926 2189 1025 2252 armis
1046 2185 1160 2272 fugam
1177 2207 1229 2266 ea·

248 2279 394 2357 pessunt,
417 2290 611 2358 poenasque·
637 2271 783 2358 violatae
808 2272 978 2358 religionis
1007 2269 1173 2358 sanguine
1198 2281 1231 2336 et

199 2355 405 2426 ramalibus
422 2357 489 2421 suis
504 2356 664 2442 pendunt.
699 2357 912 2441 Incredibile,
937 2355 1097 2444 quantum
1113 2377 1154 2422 ea
1171 2378 1230 2422 res

249 2441 338 2528 apud
367 2461 480 2508 omnes
503 2443 655 2508 nationes
677 2437 833 2532 Philippo
856 2439 1110 2529 gloriae-*dedita
1142 2451 1230 2535 illum

249 2537 400 2594 vindicem
435 2537 610 2608 sacrilaoil,
646 2535 729 2612 illum
758 2537 886 2594 ultorem
913 2535 1102 2608 reliquarum
1127 2537 1230 2596 schem

250 2623 426 2690 exstitisse-
449 2621 717 2694 dioscoritanus,
748 2623 802 2696 qut
825 2619 888 2679 dtis
902 2623 1069 2694 proximus
1090 2621 1227 2680 arcara-

199 2708 315 2776 lturr,
340 2719 402 2777 per
429 2719 516 2778 quem
543 2706 677 2764 deorum
698 2705 847 2778 majestas
872 2707 1115 2766 vindicatoria·
1137 2749 1141 2757 .
1160 2697 1230 2764 Sed

248 2783 479 2865 Athenienses,
496 2783 607 2848 audito
622 2783 702 2848 belli
718 2779 952 2864 eventu,nei11'
965 2783 1140 2849 Graeciam
1152 2784 1229 2848 Phi-

242 2869 360 2954 ¹lippus
374 2869 551 2949 transiret,
569 2870 738 2954 angustias
761 2867 1060 2955 Thermopylarum
1082 2868 1156 2954 pari
1179 2891 1229 2934 ra·

249 2957 354 3036 tinne,
378 2955 474 3038 sicuti
497 2964 594 3040 antea
609 2954 995 3038 advenientibus‘Persis,
1011 2953 1238 3046 occupavere,

199 3049 239 3107 17
249 3040 307 3104 sed
322 3034 533 3142 nequaquam
548 3034 649 3128 simili¹
663 3041 919 3105 autvirtnteaut
931 3035 1046 3124 causa3
1063 3039 1240 3126 siquidem

249 3134 327 3189 tunc
346 3124 580 3228 prolabentem
597 3125 766 3213 (immae,
788 3145 879 3189 nunc
898 3143 959 3214 pro
974 3124 1149 3224 sacrilegio
1163 3146 1230 3212 -pu-

248 3210 352 3295 blico;
368 3221 451 3277 tunc
460 3225 483 3275 'a
497 3213 615 3298 rapina
626 3210 770 3276 hostium
781 3210 905 3295 templa
914 3207 1124 3291 medicatum}
1137 3231 1229 3276 nunc

249 3297 406 3361 adversus
426 3296 574 3384 vindices
597 3291 794 3380 templorum
809 3306 958 3395 raptores
972 3293 1228 3382 defensura-im·

248 3403 409 3446 memores
429 3401 586 3468 prorsus,
600 3381 692 3468 quod
713 3383 748 3445 in
766 3381 878 3466 dubiis
892 3382 991 3446 rebus
1002 3382 1074 3448 'suis
1089 3379 1148 3446 illo
1166 3381 1227 3447 deo

249 3467 347 3546 etiam
363 3460 792 3556 consiliorumauctore'usi
806 3467 946 3547 fuerant,
962 3465 1053 3552 quod
1068 3465 1128 3544 illc
1142 3466 1229 3532 duce

249 3559 297 3615 tot
311 3551 399 3618 bella
412 3550 553 3616 victores
569 3553 726 3634 interant,
749 3559 796 3616 tot
818 3551 916 3616 urbes
932 3551 1101 3638 auspicato
1115 3552 1230 3618 condi-
