2666 4246
455 373 564 426 LIBER
581 373 653 424 XIX.
670 375 728 426 XX.
1021 368 1078 430 123

91 526 260 610 sejungit
274 525 432 610 Pyrrhus,
455 545 515 587 rex
529 523 634 607 Epiri,
658 545 804 608 sperans,
828 547 895 588 non
912 524 1079 590 difficilius

94 610 308 674 Demetrium
323 611 472 674 amittere
487 609 716 672 Macedoniam
731 631 837 693 posse,
855 631 953 696 quam
970 611 1079 695 acqui-

94 695 208 786 siepat
253 695 323 760 Nec
346 717 419 780 spes
442 695 565 758 frustra
585 695 665 778 fuit3
690 698 814 780 quippe
836 696 984 758 exercitu
1008 697 1078 779 ejus

93 790 266 864 corrupto,
283 781 420 865 ipsoque
435 780 470 842 in
485 779 598 863 fugam
615 789 697 857 acto,
713 802 853 864 regnum
865 779 1079 844 Macedoniae
1145 787 1218 848 287.

93 867 286 949 occupavit.
316 865 406 930 Dum
421 863 505 928 haec
520 874 674 949 aguntur,
689 865 907 949 Lysimachus
921 887 1079 950 generum
1090 875 1129 931 26

94 972 200 1012 suum
222 953 436 1034 Antipatrum
466 960 672 1036 querentem,
701 950 806 1015 soceri
835 951 951 1016 fraude
972 951 1080 1014 Mace-

94 1034 221 1098 doniae
236 1057 376 1120 regnum
392 1035 455 1098 sibi
471 1034 661 1119 ademptum
677 1057 759 1117 esse,
775 1036 948 1120 interfecit,
964 1035 1079 1100 filiam·

95 1142 168 1204 que
190 1143 282 1183 suam
302 1120 505 1206 Eurydicen,
528 1122 736 1207 querelarum
761 1122 895 1201 sociam,
917 1122 952 1184 in
975 1129 1079 1185 custo·

95 1205 192 1268 diam
220 1205 337 1289 tradit3
367 1215 468 1291 atque
496 1209 543 1270 ita
572 1207 728 1272 universa
755 1205 1079 1270 Cassandrisdomus

94 1289 294 1354 Alexandro
310 1291 433 1374 Magno
449 1301 482 1354 et
496 1293 586 1355 necis
601 1293 707 1376 ipsius
724 1301 755 1356 et
770 1291 880 1378 stirpis
897 1293 1079 1356 exstinctae

96 1397 226 1458 poenas
248 1375 319 1442 luit.
349 1377 539 1441 Demetrius
561 1399 693 1464 quoque
708 1400 728 1441 a
744 1386 790 1440 tot
805 1377 1004 1441 exercitibus
1019 1379 1079 1441 cir-

97 1469 315 1543 cumventus,
344 1484 447 1548 quum
466 1474 578 1548 posset
597 1463 734 1527 honeste
758 1463 858 1544 mori,
882 1465 1022 1546 turpiter
1044 1485 1079 1526 se

98 1545 224 1610 dedere
239 1546 376 1611 Seleuco
393 1547 519 1613 maluit.

165 1631 276 1696 Finito
288 1631 387 1712 bello,
403 1632 609 1697 Ptolemaeus
623 1655 698 1697 oum
713 1655 835 1718 magna
850 1655 960 1696 rerum
976 1641 1080 1714 gesta·
1091 1643 1129 1698 27

97 1737 176 1778 rum
199 1716 306 1800 gloria
326 1718 474 1782 moritur.
511 1719 544 1782 Is
568 1729 683 1782 contra
698 1721 755 1805 jus
779 1719 927 1803 gentium
943 1717 1079 1778 minimo
1145 1725 1218 1785 283.

98 1811 182 1864 natu
214 1824 256 1866 ex
282 1802 360 1866 filiis
388 1811 463 1866 ante
482 1803 707 1892 infirmitatem
731 1825 871 1888 regnum
891 1801 1079 1882 tradiderat,

99 1887 239 1972 ejusque
259 1889 307 1951 rei
322 1887 445 1972 populo
461 1890 621 1952 rationem
638 1888 836 1952 reddiderat.
866 1888 957 1951 Inter
972 1896 1081 1949 cetera

98 1974 205 2055 patris
228 1981 261 2035 et
282 1973 343 2036 filii
364 1983 498 2036 mutuae
521 1975 651 2057 pietatis
675 1974 828 2057 exempla
850 1974 950 2036 etiam
970 1994 1009 2034 ea
1028 1994 1080 2034 res

99 2079 247 2120 amorem
260 2058 376 2142 populi
386 2059 500 2142 juveni
513 2059 756 2138 conciliaverat,
766 2057 854 2145 quod
867 2067 968 2142 pater,
978 2079 1080 2140 regno

102 2143 134 2204 ei
152 2141 286 2225 publice
306 2129 437 2224 tradito,
459 2145 608 2229 privatus
629 2145 701 2228 regi
723 2146 809 2207 inter
830 2144 988 2224 satellites
1012 2142 1080 2206 offi-

102 2228 191 2290 cium
207 2227 338 2294 fecerat.

467 2451 613 2526 LIBER
639 2451 718 2526 XX.

174 2576 401 2665 Lysimachi
428 2581 470 2647 et
497 2578 648 2648 Seleuci
673 2578 779 2649 bella
803 2579 1011 2668 postrema.

384 2809 429 2864 De
446 2727 805 2865 reuuscriiiaiinensrum.
858 2793 860 2799 ’

18 2975 19 2990 χ
167 2910 260 2976 Inter
287 2911 524 2996 Lysimachum
554 2921 586 2974 et
614 2911 779 2996 Pyrrhum
809 2933 937 2996 regem,
976 2911 1109 2975 sociosl

18 3043 19 3068 ,
104 2997 204 3080 paulo
221 3005 297 3059 ante
310 2996 466 3060 adversus
478 2997 692 3078 Demetrium,
709 2996 878 3060 assiduum
891 2998 977 3060 inter
988 3019 1083 3080 pares

18 3071 20 3158 f
108 3081 293 3146 discordiae
330 3081 453 3144 malurn
484 3082 608 3145 bellum
639 3093 794 3146 moverat.
847 3081 962 3145 Victor
990 3081 1083 3166 Lysi-

105 3167 259 3246 machus,
293 3167 389 3252 pulso
419 3167 564 3253 Pyrrho,
594 3168 823 3231 Macedoniam
854 3177 1082 3251 occupaverat.
1150 3173 1223 3235 286.

18 3279 20 3312 l
105 3251 187 3316 Inde
196 3251 358 3316 Thraciae
367 3275 406 3316 ac
415 3252 758 3337 deincepsHerauleae
770 3251 893 3316 bellum
911 3251 1083 3334 intulerat3

18 3351 19 3356 ’
106 3339 199 3424 cujus
230 3337 322 3400 urbis
352 3347 385 3400 et
413 3339 509 3402 initia
540 3348 572 3401 et
602 3340 709 3402 exitus
740 3337 951 3402 admirabiles
980 3337 1083 3402 fuere.

108 3423 239 3507 Quippe
265 3423 410 3487 Boeotiis
441 3424 629 3507 pestilentia
654 3423 881 3488 laborantibus
913 3422 1113 3487 oraculum2

106 3507 247 3594 Delphis
261 3508 486 3592 responderat,
503 3519 658 3576 coloniam
671 3519 702 3574 ia
714 3516 806 3573 Ponti
817 3517 948 3588 reqione
958 3531 1085 3573 sacram

107 3599 232 3659 Herculi
253 3603 429 3660 conderent.
476 3594 588 3676 Quum
608 3605 743 3680 propter
765 3603 888 3658 metum
910 3593 1085 3678 longaeac
