2558 4254
221 301 261 362 ra
364 303 367 310 ¹
510 303 651 359 cossim
667 303 916 358 menommun
977 285 982 288 ’

220 477 294 520 rum
317 453 504 541 implorant.
539 454 658 520 Litctis
679 455 795 520 hostiis
810 455 1021 540 obtentoque,
1036 463 1073 520 ut
1087 455 1205 520 reban-

220 550 284 621 tur,
307 540 398 626 quod
417 541 586 624 petebant,
609 540 700 606 hand
722 563 818 605 secus
841 541 928 621 laeti,
952 563 1052 625 quam
1074 541 1102 604 si
1123 540 1203 604 deos

219 627 309 710 ipsos
337 647 450 690 secum
473 626 621 689 evecturi
643 635 761 705 essent,
787 625 981 726 pulvinaria
1002 627 1043 689 iis
1064 627 1100 688 in
1121 627 1206 690 navi

219 719 431 858 componunt,
455 710 638 796 faustisque
658 711 797 796 profecti
818 710 986 776 ominibus
1009 709 1127 775 solatis
1141 732 1203 794 pro

220 798 299 860 auxi
312 797 355 859 iis
378 795 561 879 deportant

640 882 722 937 csP..
733 883 784 936 111.

35 977 61 1018 c.
78 960 150 1020 570.
383 963 594 1020 crotonienses
612 963 773 1022 ineuntur
790 979 810 1018 a
826 963 1036 1022 horionibus.

190 1061 208 1117 9
284 1049 346 1112 His
369 1049 520 1133 cognitis,
536 1047 769 1113 Crotonienses
792 1058 825 1112 et
845 1049 910 1132 ipsi
932 1048 1057 1134 legatos
1073 1048 1116 1111 ad
1133 1071 1202 1112 orn-

219 1134 332 1200 culum
347 1133 499 1220 Delphos
511 1134 655 1214 minuet,
677 1134 838 1198 victoriae
850 1133 1038 1198 facultatem
1052 1132 1205 1218 bellique

218 1240 395 1306 prosperos
418 1227 556 1282 eventus
580 1228 761 1302 precantes.
791 1219 1000 1302 Responsum
1023 1227 1087 1282 est:
1104 1229 1202 1297 prius

219 1313 299 1369 votis
320 1309 435 1381 hostes,
460 1326 551 1382 quam
575 1311 673 1368 arants
694 1310 865 1368 vincendos
888 1327 965 1368 esse.
1011 1302 1124 1382 Quum
1147 1326 1201 1368 vo-

218 1390 346 1452 vissent
359 1386 511 1474 Apollini
526 1385 671 1452 decimas
686 1385 840 1474 praedae,
862 1387 1055 1468 Locrenses,
1078 1395 1113 1451 et
1123 1399 1200 1452 voto

219 1474 365 1538 hostium
390 1481 425 1536 vet
450 1494 608 1559 responso
637 1473 697 1538 det
721 1474 865 1558 eognito,
892 1495 1000 1538 nonas
1021 1483 1199 1556 voverunt3

218 1559 421 1644 tacitamque
440 1579 515 1622 eam
536 1579 606 1622 nem
628 1557 784 1639 habuene,
807 1581 849 1622 ne
870 1559 957 1622 notis
978 1559 1201 1622 vincerentm.

170 1645 336 1730 101taqne
364 1664 468 1730 quum
489 1643 525 1706 in
547 1644 652 1708 aciem
697 1645 926 1723 secessissent,
954 1652 987 1707 et
1009 1643 1202 1708 Oromnien-

218 1731 304 1794 sium
328 1737 461 1793 eentum
483 1727 604 1812 uiginti
625 1667 732 1793 millia
754 1737 953 1811 armatarum
969 1729 1201 1808 constitissent,

217 1815 408 1879 Locrenses·
427 1815 631 1900 paueitatem.
649 1835 743 1877 suam
766 1814 1078 1900 circumspicientes,
1107 1816 1199 1900 (nam

218 1899 289 1964 sola
309 1897 501 1986 quindecim
521 1897 630 1962 millia
642 1899 785 1962 militnm
808 1897 989 1984 habebant)
1005 1900 1129 1962 omissa
1143 1919 1200 1984 spe

217 1985 385 2064 victoriae,
408 1985 445 2048 in
466 1983 663 2048 destinatam
684 1993 823 2049 mortem
845 1984 1054 2072 conspiratum
1073 1991 1201 2054 tantus-

218 2087 288 2154 que
306 2069 405 2138 ardor
426 2089 470 2132 en
491 2068 722 2152 desperatione
744 2067 894 2152 singulos
915 2070 1013 2152 cepit,
1041 2078 1079 2132 ut
1099 2069 1200 2132 vinto-

217 2174 272 2218 res
293 2175 328 2216 ae
350 2161 514 2238 putarent,
537 2156 566 2218 si
586 2175 655 2218 non
670 2152 769 2217 inulti
784 2163 1000 2220 morerentur.
1038 2153 1103 2217 Sed
1120 2153 1200 2220 dun

217 2239 304 2302 mori
322 2238 459 2302 honeste
474 2248 646 2323 quaerunt,
668 2239 809 2318 feliciter
822 2239 985 2320 vicerunt,
1005 2259 1115 2323 neque
1134 2237 1201 2302 alia

218 2343 320 2387 eausa
355 2323 513 2388 victoriae
550 2325 626 2405 fuit,
669 2345 767 2409 quam
806 2323 896 2408 quod
928 2323 1199 2410 desperaverunt.

169 2407 452 2492 llPugnantibus
472 2408 598 2489 Locris,
629 2408 745 2494 aquila
771 2407 812 2472 ab
840 2408 912 2472 acie
940 2429 1126 2493 numquam
1153 2430 1198 2472 re

218 2495 326 2575 cessit,
360 2515 485 2579 eosque
510 2501 582 2556 tam
608 2493 668 2557 diu
696 2493 957 2574 circumvelavit,
986 2492 1097 2578 quoad
1128 2493 1200 2558 vin-

217 2591 339 2644 cerent.
382 2579 423 2642 ln
453 2578 609 2644 eornibus
661 2601 773 2664 noque
801 2577 866 2643 duo
883 2579 1039 2664 juvenes,
1068 2577 1200 2642 diverso

217 2687 239 2727 a
262 2666 380 2728 ceteris
408 2683 575 2730 armenum
601 2600 738 2742 inlitu,
765 2664 888 2726 eximia
914 2662 1150 2747 magnitudine
1169 2673 1200 2726 et

217 2747 305 2812 alitis
332 2748 427 2834 equis
456 2757 488 2812 et
508 2749 672 2814 coccineis
694 2748 938 2833 paludamentis
961 2769 1112 2832 pugnare
1134 2749 1201 2812 visi

216 2842 309 2914 sunt3
339 2854 402 2896 neo
430 2833 519 2896 ultra
545 2843 779 2919 appamoerunt,
809 2855 912 2918 qnam
931 2855 977 2917 pu
1025 2842 1115 2898 amm
1139 2847 1199 2897 est.

166 2919 312 2984 12Hano
342 2917 593 2983 admirationem
623 2920 717 2982 auxit
745 2917 953 2982 incredibilis
995 2939 1090 2982 omae
1109 2917 1199 2982 velo

217 3005 309 3069 citas.
346 3003 432 3067 Nam
455 3003 571 3068 eadem
592 3003 658 3084 die,
681 3025 747 3090 qua
768 3006 804 3067 in
826 3003 929 3068 Italia
938 3009 1123 3087 pugnatum
1139 3011 1199 3082 eet,

216 3098 252 3153 et
277 3087 430 3156 Corinthi
459 3097 492 3152 et
520 3087 672 3154 Athonisv
696 3097 729 3152 et
756 3089 1006 3154 Lacedaemone
1039 3088 1199 3152 nunciata

216 3184 268 3240 ort
287 3173 437 3238 victoria.
896 3203 899 3212 ‹
980 3195 983 3202 Δ

249 3285 251 3290 ·
639 3260 781 3312 camv.

323 3385 326 3392 r
500 3341 693 3411 cythereius
708 3341 914 3412 mustaciu-

165 3439 205 3496 13
281 3428 360 3492 Post
388 3429 470 3492 liaeo
488 3429 764 3494 Crotoniensibos
794 3429 892 3494 mulla
915 3431 1048 3496 utrumn
1075 3430 1201 3494 exenei-

216 3514 305 3593 tstio,
327 3513 425 3578 nulla
436 3533 607 3578 umorum
618 3513 786 3578 eusafuis
832 3515 1203 3600 onerosissimum
