2678 4246
228 339 266 402 76
516 341 657 394 scsrntr
673 341 923 394 fflsrounuun

230 493 396 579 extemplo
415 494 563 556 exercitu
583 491 755 576 deportato
770 502 803 558 et
817 492 972 558 omnihus
987 503 1123 558 strenue
1146 515 1229 578 pro
1326 511 1327 524 ¹

180 580 324 659 muisis,
346 577 520 664 pugnandi
541 578 671 663 copiam
694 577 846 642 hostibus
867 578 956 644 fecit.
1000 579 1068 644 Sed
1087 579 1230 643 Achaei

229 663 321 728 velut
331 663 416 726 nihil
427 663 552 747 negotii
560 663 709 726 Romano
720 663 809 727 bello
821 665 1053 748 suscepissent,
1065 665 1114 728 ita
1124 663 1230 749 apud

230 771 285 814 eos
304 748 456 834 neglecta
471 749 582 812 omnia
596 759 629 811 ct
642 748 752 812 soluta
770 749 872 812 fuere.
909 749 1026 834 Itaque
1045 749 1230 835 praedam,

228 857 297 899 non
312 833 475 921 proelium
487 834 671 918 cogitantes
683 842 716 896 et
724 833 883 898 vehicula
896 833 939 897 ad
951 834 1058 920 spolia
1068 835 1229 898 hostium

230 918 430 1004 reportanda
444 919 626 998 duxerunt,
647 927 681 982 et
694 921 853 1006 conjuges
874 919 1061 1004 liberosque
1076 941 1162 984 suos
1181 919 1230 983 ad

179 1015 218 1074 15
230 1003 457 1090 spectaculum
478 1003 666 1068 certaminis
680 1005 716 1068 in
730 1003 898 1068 montibus
916 1013 1109 1090 posuerunt
1150 1004 1229 1069 Sed

253 1090 355 1156 roelio
378 1089 553 1154 commisso
572 1097 648 1154 ante
668 1090 782 1156 oculos
800 1111 937 1154 suorum
958 1090 1046 1154 coesi
1069 1089 1228 1174 lugubre

230 1113 282 1240 his
298 1174 524 1263 spectaculum
538 1181 572 1240 et
585 1195 722 1260 gravem
741 1174 851 1240 luctus
864 1176 1057 1240 memoriam
1071 1175 1227 1260 relique-

230 1271 318 1326 runt.
356 1260 524 1346 Oonjnges
543 1281 676 1344 quoque
695 1259 858 1346 liberique
877 1281 1009 1341 eorum,
1031 1261 1072 1324 de
1085 1269 1226 1346 specta»

181 1357 220 1414 16
233 1345 357 1412 toribus
371 1346 494 1432 captivi
508 1345 596 1424 facti,
611 1345 737 1430 praeda
750 1345 895 1410 hostium
908 1346 1010 1410 fuere.
1037 1345 1127 1410 Urbs
1138 1346 1227 1430 ipsa
1328 1417 1329 1420 Ἴ

91 1423 163 1484 146·
232 1431 412 1497 Corinthus
429 1431 586 1512 diruitur3
601 1430 747 1515 populns
762 1432 870 1495 omnis
885 1431 947 1496 sub
964 1453 1083 1496 corona
1097 1430 1225 1494 vendi-

232 1527 295 1598 tur,
312 1527 348 1582 ut
363 1515 425 1580 hoc
437 1515 589 1600 exemplo
602 1517 719 1580 ceteris
732 1515 922 1582 civitatibus
932 1527 1038 1581 metus
1048 1537 1225 1580 novarum

232 1623 342 1670 rerum
360 1602 595 1688 imponeretur.

558 1891 705 1964 LIBER
733 1889 886 1964 XXXV.

232 2017 370 2110 Syriae
395 2037 559 2110 regnum
591 2015 794 2088 intestinis
827 2015 943 2086 hellis
974 2013 1226 2086 debilitatur.

592 2119 649 2188 De
681 2118 854 2189 Judaeis.

334 2351 460 2407 noman
478 2349 656 2406 innocuum
667 2265 809 2419 hillidio
826 2349 922 2418 potui
939 2347 1112 2418 pontuert
1153 2317 1156 2322 ’

205 2469 220 2526 1
298 2458 389 2524 Dum
410 2456 493 2520 haec
515 2464 676 2540 aguntur,
698 2477 759 2520 rex
781 2453 897 2538 Syriae
911 2449 1094 2514 Antiochus
1108 2448 1224 2515 Ptole·

234 2565 338 2626 maso,
354 2541 488 2630 majoris
503 2541 623 2606 sororis
640 2539 813 2618 suae'filio,
829 2537 900 2622 regi
914 2537 1072 2621 Aegypti,
1088 2534 1222 2600 bellum

233 2631 346 2712 infert,
363 2627 457 2714 segni
473 2625 652 2692 admodum
668 2634 700 2689 et
714 2623 908 2710 quotidiana
922 2621 1056 2687 luxuria
1070 2621 1116 2686 ita
1131 2643 1222 2686 mar·

235 2717 322 2783 centi
333 2763 342 2797 ,
369 2725 407 2778 ut
428 2735 496 2778 non
517 2712 624 2778 solum
650 2712 762 2795 regiae
785 2707 964 2794 majestatis
988 2705 1097 2774 officia
1115 2705 1221 2771 inter

233 2804 395 2881 mitteret,
421 2798 659 2864 verumetiam
683 2817 782 2860 sensu
809 2793 951 2858 hominis
974 2792 1077 2856 nimia
1098 2791 1223 2874 sagina

206 2895 369 2954 toareret.
418 2884 540 2950 Pulsus
566 2884 669 2966 igitur
696 2902 800 2965 regno
828 2878 871 2944 ad
895 2879 1028 2944 fratrem
1053 2876 1220 2942 minorem

233 2971 458 3042 Ptolemaeum
488 2969 727 3034 Alexandriam
758 2965 857 3030 consu
882 2965 923 3046 it3
953 2962 1220 3048 participatoque

235 3079 309 3126 cum
334 3080 371 3124 eo
393 3077 510 3142 regno,
532 3054 564 3119 le
589 3064 658 3120 atos
674 3053 812 3118 Romam
833 2987 880 3116 ad
895 3058 1049 3114 senatum
1070 3048 1220 3128 mittunt,

205 3145 361 3214 3auxilia
382 3150 514 3230 petunt,
541 3076 640 3204 fidem
664 3138 828 3204 societatis
848 3133 1038 3218 implorant.
1079 3131 1220 3198 Movere

234 3240 383 3297 senatum
406 3249 521 3315 preces
542 3226 689 3290 tranum.
726 3223 866 3287 Mittitur
888 3220 990 3304 igitur
1010 3218 1139 3303 legatus
1154 3218 1218 3282 Po-

233 3317 334 3404 pilius
351 3315 394 3380 ad
408 3313 625 3391 Antiochum,
648 3311 883 3396 qui-obstinere
897 3313 980 3370 illum
995 3314 1136 3384 Aeqypto
1153 3315 1220 3380 out,

204 3411 263 3470 lsi
270 3411 341 3484 sam
354 3409 542 3477 incessisset,
560 3403 712 3462 excedere
721 3394 863 3482 juberet.
890 3391 1002 3472 Quum
1012 3391 1049 3453 in
1061 3391 1218 3473 Aegypto

235 3511 311 3555 eum
327 3487 516 3567 invenisset,
533 3482 751 3567 osculumque
763 3480 793 3544 ei
804 3501 865 3544 rex
876 3476 1048 3562 obtulisset
1062 3475 1153 3560 (nam
1166 3494 1220 3537 co-

234 3575 342 3642 luerat
356 3574 442 3643 inter
454 3579 578 3638 ceteros
590 3567 756 3654 Popilium
768 3563 962 3644 Antiochus,
979 3583 1081 3646 quum
1092 3559 1220 3624 Romae
