2678 4246
489 363 597 414 LIBER
614 363 737 415 XXXIV.
1059 360 1098 420 75

115 535 297 599 aegreque,
321 536 380 598 per
400 513 521 578 multos
544 533 649 578 annos
671 513 892 598 legationibus
914 514 1098 579 civitatium

116 607 236 664 senatu
251 599 396 685 fatigato,
410 601 447 663 in
459 599 599 686 patriam
612 599 752 685 quisquc
764 623 858 664 suam
870 601 1025 664 remissus
1039 607 1097 666 est.

539 768 620 822 CAP„
634 771 683 822 111.
735 763 736 768 ¹

176 853 305 910 Romani
322 853 464 910 adversus
482 853 707 977 Aelffiiffiu
725 867 830 909 causas
848 854 997 922 quaerunt
1014 853 1046 906 ct

183 1025 304 1088 Poenis
328 1045 366 1088 ac
387 1023 626 1088 Macedonibus
652 1023 814 1107 subactis,
841 1023 1100 1109 Aetolorumque
1113 1032 1153 1089 10

116 1108 246 1173 viribus
268 1110 456 1194 principum
479 1111 668 1196 captivitate
691 1109 884 1191 debilitatis,
909 1109 970 1174 soli
993 1108 1101 1172 adhuc

115 1218 162 1260 ex
179 1194 321 1259 Graecia
336 1195 492 1258 universa
500 1195 634 1259 'Achaei
648 1197 748 1261 nimis
764 1204 912 1280 potentes
929 1205 1010 1258 tunc
1023 1203 1102 1257 tem-

116 1281 210 1366 poris
234 1279 390 1343 Romanis
412 1279 627 1364 videbantur,
650 1302 718 1345 non
738 1290 872 1368 propter
894 1278 1102 1364 singularum

116 1366 305 1448 civitatium
327 1365 446 1429 nimias
461 1386 565 1451 epea,
590 1366 649 1430 sed
670 1375 804 1451 propter
826 1366 1102 1452 conspirationem

117 1452 361 1514 universarum.
405 1451 558 1536 Namque
582 1451 729 1533 Achaei,
756 1451 833 1516 licet
858 1471 918 1536 per
943 1451 1102 1529 civitates,

117 1535 225 1600 veluti
244 1557 305 1620 per
326 1535 488 1616 membra,
512 1535 611 1600 divisi
626 1538 709 1618 sint,
731 1559 835 1601 unum
857 1545 968 1599 tamen
984 1556 1102 1618 corpus

119 1629 153 1685 et
176 1643 280 1684 unum
304 1621 479 1705 imperium
504 1621 642 1703 habent,
665 1621 943 1707 singularumque
970 1619 1103 1684 urbium

120 1705 270 1792 pericula
284 1708 408 1770 mutuis
420 1705 546 1770 viribus
561 1707 766 1792 propulsant.
790 1704 1032 1787 Quaerentibus
1043 1705 1102 1788 igi-
1115 1714 1163 1778 11,

120 1803 177 1856 tur
186 1789 344 1856 Romanis
360 1813 475 1856 causas
490 1790 580 1872 belli,
596 1793 789 1878 tempestive
803 1793 936 1856 fortuna
952 1788 1103 1876 querelas

120 1877 359 1962 Spartanorum
383 1875 516 1958 obtulit,
542 1899 683 1963 quorum
705 1899 800 1962 agros
823 1875 950 1940 Achaei
971 1883 1105 1960 propter

121 1971 273 2026 mutuum
290 1961 402 2026 odium
416 1962 673 2047 populabantur.
705 1961 876 2048 Spartanis
892 1983 911 2024 a
926 1969 1042 2025 senatu
1057 1981 1104 2024 re-

121 2049 281 2132 sponsum
301 2055 510 2127 estzvleqctos
531 2071 567 2112 se
582 2055 627 2113 ad
644 2054 860 2127 inspiciendas
881 2053 1104 2110 retracturum

123 2145 154 2196 et
176 2139 221 2196 ad
242 2140 391 2211 injurium
414 2141 595 2198 demendam
617 2142 650 2199 iu
674 2139 837 2198 Graeciam
859 2141 1025 2207 minuma·
1047 2129 1106 2193 sed
1143 2193 1146 2198 .

51 2235 55 2242 ’
121 2217 242 2302 legatis
259 2216 388 2283 occulta
403 2217 559 2282 mandata
573 2227 651 2282 sunt
667 2218 759 2282 data:
783 2231 817 2282 at
831 2239 947 2296 corpus
962 2223 1105 2280 Achaeo-

123 2325 192 2368 rum
218 2310 424 2368 dissoluerem
447 2311 651 2384 siccatasque
676 2310 770 2369 urbes
792 2311 921 2382 proprii
939 2309 1027 2382 juris
1050 2307 1105 2379 sa·

124 2401 246 2466 carent,
274 2407 334 2468 quo
354 2395 486 2467 facilius
509 2403 539 2453 et
561 2397 606 2454 ad
627 2397 777 2470 obsequia
800 2400 985 2468 cuperentur
1007 2401 1051 2463 ct,
1078 2391 1107 2448 si

125 2495 208 2553 quae
229 2481 323 2538 urbes
345 2486 543 2539 contumaces
570 2487 690 2554 csscnt,
714 2482 945 2554 [recuperentur.
991 2470 1157 2555 Itaque12

126 2558 248 2644 legati,
282 2561 430 2622 omnium
460 2557 643 2624 civitatium
673 2557 879 2646 principibus
910 2553 1107 2622 Corinthum

125 2645 271 2708 evocatis
282 2692 291 2724 ,
322 2644 490 2708 decretum
519 2655 651 2709 senatus
681 2645 840 2727 recitant,
871 2640 953 2728 quid
978 2637 1109 2704 consilii

126 2728 291 2811 habeant,
328 2731 500 2815 aperiunt3
538 2737 689 2812 expedire
725 2735 867 2794 omnibus
902 2726 1017 2791 dicunt
1028 2773 1037 2805 ,
1077 2736 1110 2788 ut

94 2822 271 2894 -sinqulae
305 2823 447 2880 caltores
479 2839 539 2880 suu
565 2824 643 2896 Jura
674 2828 704 2880 et
731 2837 808 2879 suus
839 2821 927 2892 ‘leqes
960 2817 1105 2876 babeant.

126 2899 227 2979 Quod
247 2899 306 2964 ubi
327 2901 480 2965 omnibus
501 2902 662 2981 innotuit,
681 2899 776 2965 velut
798 2901 833 2963 in
855 2899 999 2962 furorem
1021 2894 1110 2958 versi

55 3045 58 3050 .
126 2985 320 3050 universum
347 2987 559 3070 peregrinum
585 2985 746 3072 populum
772 2983 955 3062 trucidant3
982 2980 1108 3064 legatos

126 3091 261 3156 quoquc
292 3072 381 3154 ipsos
411 3071 634 3136 Romanorum
664 3071 865 3150 violassent,
900 3067 965 3130 nisi
997 3063 1109 3128 audito

126 3155 272 3220 tumultu
298 3157 419 3242 trepidi
444 3157 617 3242 fugissent.
667 3199 669 3205 ·

552 3313 628 3366 OAP.
646 3311 693 3366 IV.

462 3395 648 3452 Achaeorum
665 3395 779 3458 culos.

193 3496 286 3562 Haec
308 3499 367 3563 ubi
392 3499 516 3563 Romae
532 3499 700 3563 'nunciata
726 3503 818 3578 sunt,
846 3495 956 3559 statim
979 3501 1112 3557 senatus
1125 3498 1164 3554 13

128 3581 289 3648 Mummio
320 3583 448 3648 consuli
477 3582 603 3648 bellum
633 3583 819 3648 Achaicum
849 3580 1015 3659 decernit,
1045 3577 1130 3663 qui,
1238 3613 1243 3622 ·
