2678 4246
485 335 594 386 LIBER
610 335 747 386 XXXVII.
1069 331 1108 392 95

123 507 256 573 quoque
283 508 444 568 sororem,
466 485 536 557 filia
565 485 636 571 ejus
661 488 698 548 in
720 485 970 550 matrimonium
994 485 1122 566 ascita,-

122 569 285 655 repudiat.
311 571 441 652 Quibus
452 571 552 635 rebus
565 571 697 634 territus
708 571 852 656 populus
864 572 1005 657 patriam
1017 580 1109 634 metu
1140 578 1160 636 3

122 658 236 720 mortis
252 657 348 722 exsul
364 655 530 742 relinquit.
562 655 659 721 Solus
671 657 777 740 igitur
784 657 819 719 in
834 664 926 719 tanta
937 655 1020 719 urbe
1032 677 1108 720 cum

124 742 192 804 suis
201 741 563 822 relictusPtolemaeus,
574 763 674 840 quum
685 763 797 826 regem
807 741 1108 822 senonhominum,

124 825 183 890 sed
205 849 387 890 vacuarum
408 827 540 890 aedium
555 825 691 907 videret,
716 825 823 890 edicto
839 826 1031 912 peregrinos
1047 825 1109 890 sol·

123 911 237 975 licitat.
282 911 412 992 Quibus
437 910 692 993 confluentibus,
716 909 834 976 obvius
858 911 975 995 legatis
991 911 1108 975 Roma·
1138 917 1159 974 4

124 1018 261 1074 uorum,
285 997 433 1081 Scipioni
453 997 611 1060 Africano
634 1006 667 1059 et
687 995 809 1083 Spurio
831 995 992 1060 Mummio
1015 1004 1049 1058 et
1069 995 1107 1059 L.
1265 994 1267 998 ’

125 1081 270 1161 Metelle,
288 1083 345 1167 qui
357 1082 400 1145 ad
411 1081 619 1165 inspicienda
630 1082 793 1144 sociorum
805 1103 909 1165 regna
920 1079 1108 1160 veniebant,

150 1166 288 1230 rocedit.
333 1167 399 1232 sed
438 1188 515 1230 uam
532 1175 686 1230 cruentus
703 1165 843 1248 civibus,
866 1175 931 1230 tam
948 1165 1109 1230 ridiculus

125 1189 286 1316 Romanis
300 1251 371 1316 fuit.
407 1189 489 1315 llrat
504 1253 592 1315 enim
609 1259 641 1316 et
654 1251 749 1315 vultu
766 1251 921 1315 deformis
938 1260 971 1315 et
985 1260 1110 1315 statura

126 1337 238 1400 brevis
247 1346 288 1416 *et
302 1338 419 1422 sagina
430 1339 555 1400 ventris
570 1359 638 1400 non
653 1335 790 1417 homini,
806 1337 864 1400 sed
878 1335 1010 1400 belluae
1022 1335 1109 1400 simi-

125 1421 184 1504 lis3
198 1443 299 1570 qpam
310 1422 498 1487 foeditatem
511 1424 615 1486 nimia
626 1420 791 1485 subtilitas
803 1421 995 1506 perlucidae
1004 1421 1107 1484 vestis

126 1529 210 1591 auge
238 1515 280 1573 at.
324 1507 405 1571 Post
419 1506 600 1571 discessum
616 1506 735 1571 deinde
750 1506 944 1592 legatorum,
967 1527 1108 1592 quorum
1140 1507 1159 1565 5

123 1591 318 1674 Africanus,
343 1592 422 1656 dum
445 1593 580 1678 inspicit
601 1590 732 1673 urbem,
755 1590 943 1678 spectaculo
963 1591 1107 1656 Alexan-

127 1677 232 1741 drinis
253 1677 333 1758 luit,
350 1678 421 1764 jam
444 1678 542 1740 etiam
558 1676 682 1763 populo
697 1679 873 1761 peregrino
888 1677 1017 1740 invisus
1032 1697 1108 1739 cum

127 1761 196 1825 lilio
212 1770 245 1825 et
259 1783 363 1826 uxore
378 1771 468 1825 metu
483 1763 679 1826 insidiarum
691 1763 809 1826 tacitus
822 1764 856 1825 in
870 1761 1024 1826 exsilium
1035 1781 1108 1846 pro·
1174 1766 1247 1830 132.
1326 1765 1327 1772 '

125 1847 298 1929 ficiscitur3
321 1855 556 1932 contractoque
577 1849 780 1911 mercenario
801 1848 959 1928 exercitu,
981 1846 1108 1910 bellum

123 1933 228 1996 sorori
252 1933 375 2018 pariter
397 1953 436 1996 ac
457 1933 585 2016 patriae
607 1933 716 1996 infert.
760 1933 964 1996 Arcessitum
987 1930 1108 1994 deinde
1179 1943 1186 1954 “

122 2019 305 2080 maximum
318 2039 339 2080 a
348 2017 489 2102 Cyrenis
501 2016 616 2096 filium,
629 2039 673 2080 ne
681 2039 756 2081 eum
765 2015 986 2081 Alexandrini
995 2023 1109 2080 contra

123 2123 159 2165 se
183 2123 296 2186 regem
320 2110 479 2183 crearent,
502 2101 668 2165 interficit.
713 2103 810 2166 Tunc
824 2101 968 2190 populus
985 2111 1108 2166 statuas
1140 2105 1159 2162 6

122 2197 155 2251 et
176 2188 339 2272 imagines
365 2188 435 2274 ejus
457 2185 608 2252 detrahit.
655 2186 752 2268 Quod
772 2189 895 2252 factum
910 2210 982 2252 esse
998 2187 1107 2250 studio

123 2273 244 2337 sororis
268 2273 479 2354 existimans,
509 2273 634 2353 filium,
680 2295 755 2336 uem
782 2295 824 2337 ex
847 2295 886 2338 ea
907 2280 1107 2360 susceperat,
1149 2291 1152 2296 ·

125 2357 291 2438 interficit,
314 2379 501 2443 corpusque
523 2359 558 2420 in
580 2295 730 2421 membra
752 2358 895 2422 divisum
916 2360 1004 2422 etin
1024 2359 1108 2420 cista

124 2444 342 2530 compositum
365 2443 463 2506 matri
483 2441 537 2506 die
556 2442 661 2506 natali
677 2444 748 2529 ejus
763 2445 850 2506 inter
865 2442 981 2529 epulas
997 2442 1106 2506 offerri

122 2536 225 2592 curat.
272 2527 366 2608 Quae
390 2549 443 2592 res
464 2529 690 2612 non-reginae
709 2536 847 2608 tantum,
869 2549 985 2592 verum
1007 2528 1105 2590 etiam
1138 2531 1173 2587 7'

121 2613 297 2677 universae
320 2613 445 2677 civitati
461 2612 580 2678 acerba
595 2621 629 2676 et
643 2613 797 2676 luctuosa
809 2613 887 2694 fuit3
910 2621 1106 2697 tantumque

121 2719 305 2763 maerorem
320 2697 531 2762 festivissimo
545 2697 699 2763 convivio
710 2699 832 2779 intulit,
847 2707 885 2762 ut
895 2699 987 2784 regia
999 2697 1106 2761 omnis

122 2784 296 2868 repentino
326 2783 418 2847 luctu
447 2783 687 2848 incenderetur.
731 2783 836 2848 Verso
865 2784 968 2869 igitur
997 2781 1106 2846 studio
1153 2841 1156 2844 .

122 2869 312 2956 principum
343 2868 384 2932 ab
415 2867 523 2955 epulis
545 2870 580 2932 in
604 2869 796 2954 exsequias,
825 2869 976 2934 membra
996 2868 1107 2932 lacera

122 2953 246 3102 populo
269 2953 447 3017 ostendunt
469 2962 518 3036 et,
550 2953 631 3040 quid
652 2974 784 3039 sperare
805 2955 846 3019 de
868 2975 949 3039 rege
971 2975 1030 3018 suo
1053 2953 1106 3039 de-

146 3048 233 3120 eant,
248 3038 309 3103 filii
324 3038 425 3103 caede
441 3039 675 3103 demonstrant.

162 3277 335 3332 Demetrius
353 3275 494 3346 Nicanor,
512 3195 704 3346 §yffi-331,
722 3276 903 3332 Parthorum
922 3276 1070 3345 aponus.

133 3372 142 3389 ⁸
186 3377 298 3442 Finito
319 3379 411 3442 luctu
432 3378 590 3459 orbitatis,
614 3378 800 3465 Cleopatra,
823 3401 925 3464 quum
941 3379 1053 3462 urgeri
1069 3399 1105 3442 se
1137 3381 1156 3438 8

122 3464 267 3548 fraterno
295 3463 384 3527 bello
410 3464 553 3544 videret,
584 3465 748 3528 auxilium
770 3487 792 3527 a
812 3463 997 3544 Demetrio,
1027 3485 1105 3548 rege

124 3548 250 3633 Syriae,
272 3571 333 3635 per
346 3549 472 3633 legatos
488 3550 586 3633 petit3
610 3552 704 3637 cujus
718 3551 824 3636 ipsius
838 3551 923 3614 varii
938 3559 971 3613 et
984 3571 1106 3618 memo·
