2666 4246
254 333 311 392 126
370 313 373 328 ¹
553 333 961 386 suarm1n1sron1suun

253 486 516 572 praeferebatur3
546 494 637 549 veste
665 507 834 570 purpurea
862 494 894 550 et
923 485 1093 550 cothurnis
1115 507 1240 570 regum

253 574 453 658 tragicorum
477 580 509 636 et
530 591 632 634 aurea
652 590 773 634 corona
788 571 954 653 utebatur3
978 571 1084 634 filium
1099 593 1243 658 quoquc

252 679 349 721 suum
362 657 536 722 Ceraunon
553 664 658 735 vocat,
675 665 712 718 ut
727 656 805 720 deos
821 678 887 720 non
903 656 1077 720 mendacio
1091 664 1242 736 tantum,

204 753 242 808 14
252 765 367 806 verum
384 743 482 806 etiam
497 739 688 808 nominibus
703 741 831 805 illudat.
863 741 1042 826 Propterea
1057 742 1122 805 duo
1137 741 1241 804 nobi-

152 901 157 911 ·
252 828 370 891 lissimi
379 829 531 912 juvenes,
548 825 656 890 Chion
673 834 705 889 et
714 825 888 908 Leonides,
903 828 1044 910 patriam
1061 825 1241 890 liberaturi

252 914 285 975 in
303 933 418 976 necem
434 911 567 997 tyranni
582 912 782 996 conspirant.
817 911 923 975 Erant
938 911 974 974 hi
990 911 1142 996 discipuli
1159 910 1244 974 Pla-
1317 960 1318 998 3

253 999 339 1060 tonis
365 996 571 1082 philosophi,
603 997 661 1081 qui
687 998 860 1079 virtutem,
892 997 934 1060 ad
961 1019 1060 1082 quam
1084 996 1243 1082 quotidie

252 1084 437 1167 praeceptis
464 1082 614 1165 magistri
645 1082 895 1164 erudiebantur,
925 1083 1052 1166 patriae
1074 1080 1242 1145 exhibere

253 1168 433 1252 cupientes,
457 1167 701 1253 quinquaginta
723 1176 881 1251 cognatos
903 1169 939 1230 in
961 1166 1089 1231 insidiis
1110 1165 1240 1230 locant.

252 1253 321 1338 Ipsi
338 1275 428 1317 more
437 1253 646 1338 jurgantium
661 1251 705 1316 ad
720 1261 915 1336 tyrannum,
931 1250 1036 1315 veluti
1050 1252 1093 1316 ad
1108 1273 1241 1334 regern,
1318 1259 1319 1294 l

252 1339 287 1401 in
311 1359 421 1401 arcem
442 1337 661 1418 contendunt,
691 1337 748 1422 qui
777 1359 879 1422 quum
902 1339 979 1424 jure
1000 1337 1240 1400 familiaritatis

253 1423 389 1486 admissi
401 1435 521 1503 essent,
538 1421 616 1485 dum
632 1422 771 1486 alterum
788 1422 931 1507 priorem
948 1421 1111 1485 dicentem
1127 1423 1240 1485 inten-

203 1517 305 1580 15tus
329 1506 423 1570 audit
444 1516 623 1592 tyrannus,
648 1507 689 1570 ab
713 1507 816 1571 altero
841 1508 1065 1572 obtruncatur.
1108 1506 1176 1570 Sed
1202 1515 1240 1570 et

252 1593 326 1676 ipsi,
343 1593 440 1656 sociis
456 1591 582 1656 tardius
597 1591 760 1678 auxilium
779 1592 974 1674 ferentibus,
994 1613 1015 1655 a
1034 1591 1238 1656 satellitibus

253 1677 447 1743 obruuntur.
479 1677 554 1758 Qua
575 1699 611 1742 re
631 1678 755 1741 factum
780 1687 845 1760 est,
867 1688 904 1743 ut
918 1687 1080 1763 tyrannus
1097 1677 1237 1764 quidem

253 1761 471 1845 occideretur,
494 1762 553 1826 scd
578 1765 686 1847 patria
704 1785 771 1826 non
786 1762 993 1846 liberaretur.
1031 1763 1116 1826 Nam
1132 1762 1237 1826 frater

253 1839 406 1914 Clearchi
417 1848 555 1934 Satyrus
571 1848 686 1911 cadem
701 1849 756 1912 via
771 1849 980 1934 tyrannidem
996 1848 1133 1928 invadit,
1149 1847 1236 1910 mul·
1320 1919 1321 1932 χ

252 1935 360 2020 tisque
390 1935 486 1998 annis
514 1956 574 2017 per
601 1933 724 2018 gradus
754 1934 973 1998 successionis
1000 1932 1235 1998 Heraclienses
1320 1935 1321 1962 ³

252 2042 392 2104 regnum
407 2028 624 2104 tyrannorum
640 2018 741 2084 fuere.

673 2173 749 2224 CAP.
767 2175 813 2224 IV.

598 2255 767 2325 Lysimachi
785 2256 895 2312 exitus.

203 2374 241 2430 16
317 2358 483 2422 Paridem
498 2359 600 2422 ferme
620 2368 750 2442 tempus
771 2358 805 2422 in
824 2358 1033 2443 Hellesponti·
1044 2368 1078 2422 ct
1093 2357 1234 2424 Cherso-

252 2446 324 2509 nesi
349 2446 541 2530 regionibus
567 2453 673 2509 terrae
695 2453 802 2506 motus
825 2444 905 2524 suit,
935 2465 996 2530 per
1017 2466 1115 2529 quern
1139 2444 1235 2530 Lysi-

252 2531 382 2596 machia
399 2531 488 2608 urbs,
506 2539 581 2592 ante
597 2529 679 2592 duos
697 2540 728 2592 et
742 2529 861 2613 viginti
877 2551 981 2593 annos
998 2530 1059 2594 aL
1085 2528 1234 2592 simacho

253 2641 329 2702 rege
346 2617 487 2694 condita,
504 2637 618 2680 eversa
633 2624 690 2678 est.
727 2613 825 2694 Quod
848 2623 1036 2699 portentum
1053 2553 1126 2678 dira
1141 2614 1234 2700 Lysi-

204 2718 241 2773 17
252 2702 539 2786 machostirpique
549 2702 768 2786 ejusacregni
778 2700 905 2762 ruinam
918 2698 1144 2783 portendebat.
1165 2699 1235 2762 Nec

253 2788 387 2852 ostentis
403 2786 484 2849 fides
501 2785 618 2868 defuit,
635 2807 718 2868 nain¹
729 2785 822 2848 brevi
838 2793 911 2868 post
926 2794 1072 2870 tempore
1087 2783 1235 2868 Agatho·

253 2873 347 2951 clem,
362 2870 468 2934 filium
485 2893 598 2952 suurn,
616 2893 713 2956 quem
729 2873 763 2934 in
781 2870 1021 2934 successionem
1037 2871 1132 2954 regni
1148 2869 1234 2933 ordi·

252 2965 398 3037 naverat,
415 2977 582 3042 perquem
600 2955 704 3018 multa
718 2956 807 3020 bella
821 2975 977 3040 prospere
992 2963 1148 3040 gesserat,
1165 2975 1233 3017 non

253 3044 359 3109 solum
385 3043 474 3105 ultra
499 3042 659 3126 patrium,
686 3063 801 3105 verum
824 3042 922 3104 etiam
943 3041 1031 3104 ultra
1050 3041 1233 3104 humanum

252 3151 375 3194 morem
396 3149 546 3214 perosus,
579 3128 729 3190 ministra
749 3127 889 3190 Arsinoe
919 3147 1076 3204 noverca,
1103 3145 1234 3188 veneno

252 3215 423 3280 interfecit.
445 3214 537 3277 Haec
551 3212 601 3277 illi
618 3215 726 3297 prima
741 3211 820 3276 mali
835 3211 936 3288 labes,
953 3211 1016 3274 hoc
1030 3211 1163 3274 initium
1175 3212 1234 3272 im-

204 3301 427 3389 18pendentis
443 3300 559 3365 ruinae
573 3299 645 3361 suit.
675 3295 759 3361 Nam
775 3295 990 3383 parricidium
1007 3304 1139 3359 secutae
1156 3303 1235 3359 sunt

253 3388 369 3450 caedes
384 3386 581 3472 principum,
598 3384 759 3466 luentium
783 3382 960 3468 supplicia,
982 3381 1072 3466 quod
1087 3381 1234 3443 occisum

247 3475 407 3560 juvenem
433 3470 599 3534 dolebant.
643 3467 760 3554 Itaque
782 3468 831 3547 hi,
860 3469 918 3552 qui
944 3466 1100 3531 caedibus
1121 3486 1234 3550 super-

252 3560 391 3640 fuerant,
408 3557 554 3620 certatim
567 3554 609 3618 ad
621 3554 795 3618 Seleucum
809 3553 976 3634 deficiunt,
992 3573 1144 3636 cumque,
1160 3572 1234 3636 pro-
