2666 4246
511 327 622 380 mana
635 327 695 380 XV·
785 365 788 374 ,
1055 327 1093 388 95

110 485 266 544 sentante
296 479 419 564 majore
449 479 662 544 convivarum
692 485 793 563 parte.
845 479 961 565 Itaque
991 501 1093 566 quum

26 587 28 600 ³
112 585 201 628 unus
224 585 242 626 e
258 561 412 642 senibus,
429 562 552 642 Clitus,
574 562 698 626 fiducia
712 563 875 628 amicitiae
890 565 1011 647 regiae,
1027 587 1093 628 me·

111 648 254 712 moriam
270 646 383 732 Philip
407 647 577 714 itueretur
591 646 741 711 laudaret
764 669 806 711 ue
822 650 891 734 ejus
908 670 959 710 res
974 658 1092 732 gestas,

111 733 198 798 adeo
214 753 330 816 regem
344 671 489 812 ollidndit,
505 740 551 812 ut,
566 730 632 796 telo
648 753 667 794 a
683 670 821 796 satellite
833 741 936 819 rapto,
953 732 1094 796 eundem

110 819 149 882 in
179 817 336 881 convivio
361 817 585 879 trucidaverit.
628 817 807 902 Postquam
832 819 966 880 sanatus
993 817 1144 883 caedoll

109 902 248 967 animus
271 901 474 986 conquievit,
498 902 579 964 etin
600 901 670 965 irae
691 901 799 966 locum
820 901 977 966 successit
999 902 1093 964 aesti-

109 987 232 1066 matio,
256 985 354 1049 modo
384 1005 559 1071 personam
589 985 705 1067 occisi,
730 985 829 1051 modo
856 1007 988 1051 causam
1011 987 1093 1050 occi-

112 1068 219 1136 dendi
243 1069 470 1150 considerans,
494 1070 608 1155 pigere
630 1092 706 1134 eum
728 1071 806 1134 lacti
829 1073 953 1160 eoepit;
970 1071 1093 1156 quippe

109 1165 271 1244 paternas
284 1154 398 1218 laudes
413 1163 480 1218 tam
496 1153 654 1220 iracunde
669 1156 834 1242 accepisse
848 1179 883 1220 se
891 1205 900 1236 ,
917 1177 1016 1241 quam
1031 1176 1093 1218 nec

111 1240 270 1306 convicia
284 1237 465 1318 debuisset,
486 1240 695 1325 amicumque
707 1261 822 1304 senem
838 1248 870 1304 et
884 1239 1057 1302 innoxium
1073 1262 1093 1304 a

111 1348 149 1390 se
172 1324 321 1389 occisum
341 1324 427 1388 iuter
449 1324 564 1408 epulas
586 1333 619 1388 et
637 1324 758 1410 pocula
780 1324 920 1388 dolebat.
965 1323 1091 1387 Eodem

111 1411 219 1494 igitur
237 1408 348 1472 furore
370 1409 404 1470 in
426 1409 676 1494 poenitentiam,
705 1431 769 1495 quo
791 1409 882 1472 haud
902 1409 1030 1495 pridem
1057 1409 1092 1470 in

110 1496 199 1558 iram
226 1513 358 1573 versus,
384 1494 467 1556 mori
496 1493 804 1558 voluit.¹'Primum
833 1493 916 1558 flens
938 1491 1093 1578 amplecti
1182 1533 1185 1540 «

110 1589 298 1657 mortuum,
318 1576 458 1640 vulnera
472 1585 611 1641 tractare
626 1587 659 1642 et
672 1579 768 1664 quasi
783 1579 930 1641 audienti
945 1577 1093 1640 confiteri

113 1662 333 1744 dementiam3
354 1672 521 1746 arreptum
544 1661 646 1726 telum
668 1665 703 1725 in
720 1683 755 1726 se
769 1664 882 1742 vertit,
897 1664 1092 1747 peregisset-

114 1769 182 1832 que
204 1746 352 1825 faoiuus,
377 1748 441 1810 nisi
461 1746 559 1810 amici
573 1747 847 1810 intervenissent..
874 1747 996 1808 Mansit
1011 1745 1142 1812 haec25

112 1831 271 1896 voluntas
287 1830 449 1894 moriendi
473 1832 570 1894 etiam
586 1831 800 1916 sequentibus
817 1829 942 1894 diebus.
974 1831 1092 1892 Acces-

114 1925 207 1980 serat
229 1915 318 1979 enim
340 1916 563 1999 poenitentiae
587 1915 726 1979 nutricis
747 1935 842 1994 suae,
864 1914 985 1977 sororis
1003 1914 1092 1993 Cliti,

113 1999 316 2068 recordatio:
332 2009 398 2063 tam
413 2000 544 2064 foedam
559 1999 609 2062 illi
621 1999 852 2063 alimentorum
864 2019 998 2062 suorum
1011 2021 1093 2062 mer·

114 2085 230 2150 oedem
246 2083 418 2163 redditam,
435 2090 481 2164 ut,
495 2086 533 2146 in
548 2085 641 2170 cujus
652 2083 807 2148 manibus
819 2084 992 2168 pueritiam
1010 2085 1092 2168 egis-

112 2178 174 2251 set,
190 2169 270 2232 huic
280 2169 415 2252 juvenis
430 2177 464 2231 et
478 2170 583 2232 victor
596 2191 657 2254 pro
672 2168 841 2233 beneficiis
853 2170 970 2232 funera
984 2170 1092 2232 remit

114 2262 208 2319 taret.
252 2253 441 2336 Reputabat
463 2252 597 2331 de'indc,
627 2255 837 2340 quantumin
853 2255 1002 2317 exercitu
1021 2273 1091 2332 suo,
1160 2271 1186 2286 ¹*

110 2345 277 2488 quantum
298 2337 386 2421 apud
401 2337 547 2424 devictas
563 2347 678 2421 gentes
693 2337 880 2403 fabularum
896 2337 1092 2422 atqueinvi-

136 2445 205 2502 raa,
232 2431 394 2508 quantum
410 2421 498 2505 apud
512 2431 638 2486 ceteros
654 2425 777 2488 amicos
791 2432 916 2486 metum
932 2431 964 2484 ct
979 2421 1091 2484 odium

114 2508 167 2572 sui
188 2507 323 2588 fecerit,
350 2514 449 2591 quar‘n
466 2529 615 2570 amarum
631 2517 663 2571 et
677 2509 771 2572 triste
784 2504 966 2570 reddiderit
981 2504 1091 2567 convi-

112 2593 206 2656 vium
229 2613 345 2669 suum,
365 2613 432 2654 non
453 2600 600 2656 armatus
616 2592 651 2655 in
667 2593 737 2656 acie
746 2641 755 2673 ‚
771 2613 871 2677 quam
887 2591 921 2651 iu
938 2589 1089 2652 convivio

112 2675 305 2740 terribilior.
336 2675 431 2738 Tunc
452 2675 628 2740 Parmenio
644 2685 677 2740 et
690 2676 855 2755 Philotas,
871 2684 951 2737 tuuc
966 2674 1090 2760 Amyn·
1101 2681 1140 2739 26

112 2771 162 2825 tas
183 2759 422 2839 consobrinus,
444 2770 525 2824 tunc
545 2782 690 2825 noverca
710 2762 894 2858 fratresque
916 2759 1090 2839 interfecti,

111 2854 191 2910 tunc
205 2843 339 2908 Attalus
347 2891 356 2924 ,
372 2843 593 2928 Eurylochus,
608 2845 789 2909 Pausanias
802 2844 859 2908 alti
884 2867 925 2907 ue
941 2843 1091 2907 Macedo·

111 2931 187 2994 uiae
218 2929 374 2993 exstincti
395 2931 562 3014 principes
590 2929 814 2994 occurrebant.
859 2867 911 2994 bb
938 2927 1021 2991 haec
1041 2926 1091 2990 illi

114 3013 294 3102 quatriduo
325 3024 536 3099 perseverate
561 3013 673 3078 inedia
702 3022 765 3098 est,
798 3013 903 3078 donec
926 3011 1090 3075 exercitus

112 3097 261 3164 universi
284 3097 438 3183 precibus
451 3107 615 3163 exoratus
638 3107 703 3178 est,
723 3121 763 3162 ne
785 3107 830 3164 ita
852 3109 977 3162 mortem
1001 3103 1092 3158 unius

113 3191 227 3261 doleat,
251 3196 284 3248 ut
305 3192 468 3256 universos
482 3191 607 3263 perdat,
632 3189 709 3263 quos
731 3189 761 3247 tn
781 3189 920 3248 altimum
943 3187 1091 3243 deductos

112 3273 311 3344 barbariam,
335 3277 415 3333 inter
437 3276 571 3348 infestus
594 3280 623 3332 et
645 3277 789 3333 irritatas
811 3273 889 3331 bello
911 3278 1019 3343 center
1033 3270 1089 3326 de-

111 3362 228 3418 stituat.
294 3351 436 3418 Multum
471 3353 622 3438 profuere
651 3349 867 3418 Callisthenis
900 3346 1140 3433 philosophi27

110 3457 226 3538 preces
233 3447 247 3519 ,¹
270 3437 535 3521 condiscipulatu
562 3436 651 3522 apud
675 3435 888 3502 Aristotelem
917 3433 1088 3497 familiaris

111 3522 160 3586 1lli
183 3531 216 3588 et
238 3531 319 3585 tunc
342 3521 383 3585 ab
399 3523 471 3606 ipso
487 3543 564 3606 rege
581 3521 623 3585 ad
637 3519 809 3606 prodenda
819 3520 1000 3583 memoriae
1017 3525 1089 3581 acta
