2658 4244
485 355 593 406 LIBER
611 355 670 406 Vll.
1026 353 1063 413 39

85 505 173 589 pacis
189 527 210 568 a
227 504 446 590 Syracusanis
470 527 537 568 non
560 515 761 586 servaretur,
780 506 905 590 legatos
916 504 1065 572 Athenas

85 589 229 670 mittunt,
247 591 305 678 qui
321 587 455 654 sordida
468 601 561 654 veste
576 591 696 739 capillo
712 591 881 678 barbaque
895 593 1065 677 promissis

85 675 123 736 ad
137 675 400 762 misericordiam
414 695 606 740 commoven
633 699 685 740 am
697 677 891 740 concionem
904 675 1065 742 deformes

86 759 224 842 adeunt,
242 759 410 824 adduntur
424 760 578 845 precibus
594 761 760 843 lacrimae,
777 762 870 826 etita
884 762 1065 828 misericor·

87 845 156 907 dem
173 845 336 929 populum
353 845 521 931 supplices
537 855 680 926 movent,
696 855 734 911 nt
748 846 862 911 classis
876 847 995 932 ingens
1011 845 1064 912 de

84 939 281 993 cerneretur.
323 929 486 994 Oreantur
508 930 609 994 duces
631 931 743 996 Nicias
766 941 799 996 et
819 931 1010 998 Alcibiades
1032 942 1065 998 et
1075 944 1114 1002 23
1129 941 1203 1002 415.

84 1014 282 1096 Lamachus,
294 1016 459 1101 tantisque
474 1015 602 1080 viribus
617 1017 733 1081 Sicilia
746 1019 914 1101 repetitur,
931 1026 968 1081 ut
981 1018 1062 1104 ipsis

85 1101 197 1163 terrori
218 1108 346 1180 essent,
361 1101 396 1164 in
412 1121 552 1186 quorum
568 1101 695 1165 auxilia
709 1101 934 1168 mittebantur.
963 1103 1065 1167 Brevi

86 1195 154 1267 post
176 1194 328 1268 tempore
349 1195 502 1249 revocato
528 1185 718 1268 Alcibiade,
742 1187 808 1251 duc
828 1187 955 1271 proelia
968 1185 1065 1272 pede·
1172 1219 1175 1224 ·

86 1271 162 1332 stria
178 1268 329 1334 secunda
349 1269 462 1333 Nicias
478 1279 511 1334 et
520 1271 708 1336 Lamachus
724 1273 861 1354 faciunt,
877 1274 1065 1338 munitioni-

84 1352 142 1418 bus
165 1353 289 1418 deinde
313 1354 523 1420 circumdatis
543 1355 652 1421 hostes
673 1358 708 1420 in
723 1357 805 1422 urbe
820 1357 949 1423 clausos
965 1359 1064 1424 etiam

84 1441 218 1504 marinis
250 1439 488 1504 commeatibus
517 1441 755 1506 intercludunt.
806 1442 937 1523 Quibus
965 1442 1065 1508 rebus
1075 1454 1116 1512 24

84 1523 184 1606 fracti,
207 1524 232 1588 S
257 1526 410 1589 racusani
433 1525 596 1590 auxilinm
622 1550 642 1590 a
655 1527 928 1592 Lacedaemoniis
942 1530 1065 1614 petive-

85 1617 165 1672 runt
196 1548 256 1674 All
278 1609 329 1674 hia
351 1611 492 1674 mittitur
514 1610 593 1696 Gyli
618 1635 682 1698 pus
697 1613 798 1693 solus,
814 1612 873 1677 sed
888 1614 946 1699 qui
961 1614 1066 1679 instar

86 1696 231 1758 omnium
257 1694 458 1758 auxiliorum
481 1705 559 1760 erat.
596 1634 648 1777 ls,
670 1697 784 1762 andito
799 1700 834 1762 in
849 1699 968 1762 itinere
982 1698 1063 1762 belli

81 1780 144 1864 jam
159 1779 322 1844 inclinato
337 1788 433 1855 statu,
449 1780 583 1846 auxiliis
598 1784 716 1866 partim
727 1785 763 1846 in
776 1783 926 1860 Graecia,
942 1784 1061 1867 partim

85 1863 116 1924 in
137 1863 254 1929 Sicilia
276 1866 468 1946 contractis,
499 1877 686 1951 opportuna
706 1867 794 1932 bello
817 1867 892 1931 locs
913 1877 1062 1951 occupat

86 1947 222 2014 Duobus
258 1949 378 2014 deinde
406 1950 540 2035 proeliis
569 1953 692 2030 victus,
729 1973 926 2036 congressus
955 1952 1062 2034 tertio,

87 2035 186 2099 occiso
208 2033 379 2099 Lamacho
386 2082 395 2115 ,
418 2045 452 2099 et
473 2035 582 2100 hostes
604 2039 640 2101 in
663 2037 776 2122 fugam
792 2036 952 2123 compulit
967 2046 1000 2103 et
1013 2060 1062 2104 so·

87 2119 147 2182 cios
168 2119 342 2184 obsidione
369 2120 531 2186 liberavit.
584 2121 650 2188 Sed
679 2145 782 2210 quum
802 2122 1022 2188 Athenienses
1042 2135 1112 2193 att

87 2201 165 2269 bello
186 2206 335 2270 terrestri
354 2205 389 2269 in
411 2207 531 2270 navale
553 2229 587 2270 se
608 2208 870 2290 transtulissent,
894 2207 1061 2295 Gylippns

88 2287 219 2354 classem
245 2289 494 2355 Lacedaemone
521 2312 597 2354 cum
623 2292 758 2356 auxiliis
785 2294 930 2359 arcessit.
987 2293 1062 2376 Quo

88 2377 213 2458 cognito
230 2385 263 2439 et
277 2376 342 2462 ipsi
356 2375 576 2441 Athenienses
590 2378 748 2442 inlocum
764 2379 876 2442 amissi
893 2378 985 2444 ducis
996 2380 1062 2443 De·

87 2460 286 2524 mosthenem
303 2471 336 2524 ct
349 2460 601 2546 Eurymedonta
615 2484 690 2528 cnm
707 2465 938 2552 supplemento
954 2465 1062 2547 copia-

87 2565 152 2608 rum
167 2547 312 2609 mittunt.
354 2543 593 2630 Peloponnesii
608 2570 740 2635 quoque
762 2549 930 2613 communi
951 2549 1062 2613 civita
1073 2560 1113 2617 26

87 2629 161 2693 tium
184 2631 317 2694 decreto
338 2631 489 2714 ingentia
503 2631 721 2716 Syracusanis
744 2633 871 2698 auxilia
885 2633 1014 2716 misere,
1031 2643 1064 2699 et

88 2717 175 2798 quasi
196 2715 359 2780 Graeciae
384 2715 509 2780 bellum
532 2718 566 2780 in
582 2718 730 2782 Siciliam
752 2718 950 2783 translatum
967 2730 1062 2801 esset,

87 2797 179 2864 itaer
194 2809 336 2886 utraque
350 2808 444 2886 parte
460 2803 598 2894 summis
612 2804 740 2868 viribus
756 2803 985 2870 dimicabatur.

252 3036 479 3094 suencuam
496 2956 655 3096 dAl'rsldl
673 3039 785 3097 assas.
822 3040 888 3097 na.

143 3137 256 3202 Prima
274 3141 507 3224 congressione
528 3142 657 3224 navalis
678 3142 866 3220 certaminis
882 3142 1061 3207 Athenien·
1072 3155 1112 3213 27

88 3241 131 3285 ses
152 3225 345 3304 vincuntur,
368 3235 475 3289 castra
495 3247 627 3313 quoque
650 3249 726 3292 cum
749 3227 838 3290 omni
865 3226 1001 3313 publica
1021 3252 1061 3296 ac

87 3307 209 3388 privata
228 3311 372 3395 pecunia
395 3312 559 3375 amittunt.
610 3313 721 3398 Super
744 3311 935 3376 haec'mala
957 3336 1059 3401 quum

88 3391 179 3455 etiam
194 3393 340 3458 terrestri
354 3395 480 3479 proelio
496 3397 575 3460 victi
591 3407 708 3478 essent,
724 3404 803 3482 tunc
818 3397 1059 3466 Demosthenes

88 3495 213 3542 censere
237 3480 361 3565 coepit,
391 3494 425 3545 ut
446 3487 570 3546 obirent
590 3487 720 3561 Sicilia,
751 3489 823 3546 dnm
844 3505 897 3569 rer
920 3494 1059 3564 quumvis

89 3565 222 3638 afflictae
254 3571 390 3629 nondum
422 3578 525 3630 tamea
552 3575 702 3646 perditae
731 3573 859 3646 sorent,·
892 3591 993 3650 nequa
1025 3577 1057 3635 iu
