2658 4244
494 335 603 386 urana
620 335 682 386 xn.
1042 331 1078 394 ⁷1

97 487 278 552 morientes
300 486 493 572 corporibus
516 495 679 550 texerunt
723 485 788 549 Hic
811 485 881 549 dies
903 487 1079 551 universae
1142 491 1216 553 338.

97 571 261 636 Graeciae
291 579 324 636 et
352 572 491 657 gloriam
513 571 747 636 dominationis
768 571 1078 636 etvetustissimam
1126 605 1130 612 ·

96 656 287 722 libertatem
302 656 420 722 finivit.
839 673 842 680 '
1029 693 1032 700 ,

526 827 603 880 CAP.
620 829 667 880 1v.

154 909 317 980 Philippus
335 908 466 965 victoria
483 910 739 1034 miiiffiiossm'
756 911 858 966 mnan
875 909 973 966 saovtt
989 891 1023 966 tn

161 1079 273 1166 Hujus
303 1060 476 1144 victoriae'
490 1079 610 1146 callide
637 1079 844 1144 dissimulata
868 1079 993 1146 laetitia
1019 1088 1077 1144 est.
1091 1092 1130 1149 14

95 1165 173 1230 Non
197 1165 295 1229 solita
315 1187 409 1230 sacra
423 1165 598 1250 Philippus
620 1165 679 1229 illa
695 1165 853 1246 disfacit,
869 1187 936 1230 non
952 1166 988 1230 in
1003 1187 1078 1230 con·

95 1251 189 1314 vivio
204 1251 285 1331 risit,
301 1269 369 1314 non
384 1248 480 1316 ludos
496 1252 582 1314 inter
597 1251 711 1336 epulas
728 1251 889 1329 adhibuit,
905 1272 972 1314 non
989 1271 1078 1314 coro-

96 1357 158 1400 nas
174 1344 233 1400 aut
247 1345 418 1420 unguenta
432 1337 580 1422 sumpsit,
597 1347 629 1398 et
644 1345 805 1420 quantum
820 1338 854 1399 in
870 1335 928 1400 illo
944 1336 1015 1416 fuit,
1031 1337 1077 1400 ita

96 1421 195 1500 vicit,
210 1429 257 1484 ut
276 1421 433 1484 victorem
455 1442 553 1486 namo
575 1422 719 1484 sentiret.
757 1419 824 1486 Sed
837 1442 899 1484 nec
914 1443 1026 1506 regem
1042 1442 1077 1484 se

97 1505 271 1584 Graeciae,
287 1505 346 1569 sed
361 1504 477 1570 ducem
494 1505 656 1592 appellari
666 1507 774 1593 jussit.
804 1507 915 1592 Atque
930 1507 977 1570 ita
991 1507 1078 1569 inter

95 1591 231 1654 tacitam
253 1590 411 1655 laetitiam
433 1600 466 1654 et
487 1591 632 1654 dolorem
655 1591 797 1656 hostium
819 1592 1024 1676 temperavit,
1041 1599 1079 1654 ut

95 1697 207 1760 neque
222 1675 312 1824 apud
326 1697 403 1740 suos
420 1675 611 1755 exsultasse,
627 1697 735 1762 neque
752 1675 842 1761 apud
855 1677 960 1740 victos
974 1674 1077 1739 insul-

95 1770 184 1823 tasse
205 1762 240 1824 vi
266 1768 382 1826 eretur.
426 1760 704 1842 Atheniensibus,
725 1782 807 1846 quos
829 1782 946 1846 passus
969 1760 1126 1832 fuerat15

94 1845 343 1926 infestissimos,
367 1854 400 1909 et
420 1847 566 1932 captivos
583 1847 683 1930 gratis
699 1845 833 1925 remisit,
850 1855 883 1909 et
896 1845 984 1910 bello
1000 1866 1076 1908 con-

95 1929 304 2015 sumptorum
319 1951 456 2016 corpora
471 1931 659 2034 sepulturae
681 1929 834 2011 reddidit,
850 1930 1075 2079 reliquiasque

93 2015 250 2078 funerum
266 2023 303 2080 ut
317 2015 361 2080 ad
375 2016 526 2164 sepulcra
541 2038 701 2104 majorum
715 2015 888 2097 deferrent,
904 2037 927 2080 u
941 2024 990 2080 tro
1002 2015 1075 2080 hor·

94 2109 183 2164 tatus
199 2108 258 2164 est.
287 2100 395 2187 Super
434 2123 496 2184 ¹aec
511 2101 739 2166 Alexandrum
755 2100 861 2166 filium
877 2123 950 2166 cum
968 2101 1075 2166 amico

93 2187 292 2272 Antipatro,
315 2187 373 2272 qui
394 2189 508 2272 pacem
533 2209 607 2250 oum
629 2187 680 2251 his
696 2187 940 2273 amicitiamque
954 2187 1075 2274 junge·

93 2279 185 2349 rent,
209 2269 359 2335 Athenas
381 2273 479 2335 misit.
519 2271 753 2342 Thebanorum
769 2293 867 2358 porro
883 2295 949 2337 non
966 2269 1073 2336 solum
1085 2285 1125 2341 16

96 2378 134 2418 ca
159 2357 257 2437 tivos,
272 2379 387 2420 verum
404 2357 501 2420 etiam
517 2357 762 2421 interfectorum
778 2357 980 2444 sepulturam
995 2379 1075 2420 ven-

94 2441 128 2504 di
154 2443 188 2504 ‘t
219 2441 389 2529 Principes
406 2442 547 2506 civitatis
564 2443 645 2506 alios
661 2443 767 2506 securi
788 2443 966 2530 percussit,
991 2441 1074 2505 alios

93 2527 128 2589 in
145 2525 300 2590 exsilium
317 2527 393 2611 egit,
408 2527 562 2613 bonaque
578 2527 724 2591 omnium
742 2528 925 2613 occupavit
956 2526 1074 2589 Pulsos

94 2611 216 2675 deinde
230 2633 292 2698 per
305 2613 460 2698 injuriam
476 2613 511 2676 in
526 2615 666 2700 patriam
689 2613 841 2676 restituit
877 2611 932 2675 Ex
955 2610 1072 2675 horum
1084 2625 1126 2683 17

8 2735 9 2762 ;
93 2719 233 2761 numero
249 2705 410 2762 trecentos
426 2697 557 2762 exsules
573 2697 705 2784 judices
720 2706 928 2783 rectoresque
948 2697 1074 2760 civitati

8 2809 9 2814 ¹
94 2781 201 2864 dedit3
219 2781 309 2868 apud
324 2803 405 2868 quos
421 2805 523 2868 quum
539 2782 757 2868 potentissimi
770 2784 893 2869 quique
905 2782 953 2846 rei
964 2791 1075 2869 postu·

93 2865 259 2948 larentur,
281 2867 371 2952 quod
392 2889 452 2953 per
473 2868 629 2954 injuriam
651 2869 740 2960 ipsos
764 2869 799 2932 in
820 2865 974 2931 exsilium
991 2869 1074 2952 egis·

93 2961 174 3032 sent,
192 2951 293 3038 hujus
308 2953 510 3016 constantiae
526 2954 677 3034 fuerunt,
692 2963 858 3017 utomnes
873 2975 908 3016 se
923 2961 1073 3016 auctores

9 3097 10 3102 ,
92 3037 290 3118 faterentur,
319 3036 505 3123 meliusque
527 3059 602 3101 cum
629 3036 802 3124 republica
827 3047 935 3101 actum
961 3037 1072 3116 fuisse,

115 3143 196 3186 uum
220 3122 367 3186 damnati
392 3131 517 3205 essent,
563 3145 641 3187 uam
657 3145 759 3209 quum
775 3123 925 3202 restituti,
942 3129 1073 3185 conton-

92 3143 218 3271 ierent.
247 3207 335 3271 Mira
348 3229 484 3292 prorsus
500 3146 656 3272 audacia:
678 3209 720 3272 de
729 3207 900 3300 judicibus
914 3206 1002 3270 vitae
1018 3217 1124 3276 ne-18

91 3293 207 3378 cisque
229 3313 327 3374 suae,
350 3293 629 3379 quemadmodum
643 3302 796 3379 possunt,
818 3292 1014 3356 sententiam
1030 3291 1074 3355 fe

91 3387 186 3460 runt,
211 3380 494 3464 contemnuntque
516 3378 774 3459 absolutionem,
800 3399 898 3464 quam
920 3376 998 3440 dare
1012 3378 1075 3440 ini·

92 3463 170 3527 mici
184 3465 335 3549 possunt,
352 3473 384 3526 et
399 3465 556 3548 quoniam
571 3464 670 3528 rebus
681 3472 853 3549 nequeunt
864 3460 991 3547 ulcisci,
1003 3485 1075 3528 ver-

9 3559 10 3564 ’
91 3545 143 3611 bia
157 3557 324 3634 usurpant
337 3548 531 3613 libertatem.
