2678 4246
251 341 310 406 ild
537 341 678 394 JUSTINI
696 340 942 394 HISTORIARUM

175 573 178 582 Ι
250 496 390 576 emissa,
424 496 613 560 universam
642 493 837 557 Parthorum
872 515 1006 557 manum
1042 477 1118 557 oum
1149 516 1235 580 rege

248 583 320 670 ipso
335 581 460 646 Paobro
479 579 649 662 interficit3
670 601 732 642 nea
746 578 816 644 ullo
837 578 925 644 bello
939 577 1054 644 Parthi
1068 601 1236 666 umquam

250 668 355 754 majus
369 667 491 758 vulnus
508 676 716 751 acceperunt

559 799 562 808 '
667 820 743 871 cae.
762 821 810 871 x1.

618 901 726 959 Orodis
743 902 857 958 luotus.

156 1075 159 1082 ,
199 1016 239 1074 55
312 1007 404 1074 Haeo
425 1029 527 1094 quum
547 1008 585 1070 in
606 1004 743 1070 Parthia
763 1006 921 1090 nunciata
942 1014 1065 1088 essent,
1089 1005 1234 1088 Orodes,

248 1102 342 1182 pater
357 1093 488 1174 Pacbri‚
534 1093 569 1156 ui
591 1091 691 1178 paulo
715 1099 806 1172 ante,
829 1101 990 1156 vastatam
1010 1114 1080 1156 esse
1095 1091 1233 1178 Syriam
1324 1133 1325 1168 1

250 1115 628 1268 occupatamquelbsiam
641 1199 661 1240 a
672 1177 813 1258 Parthis,
826 1177 984 1258 audierat,
996 1176 1231 1264 Pacorumque
1324 1229 1325 1250 ᾖ

249 1267 405 1330 victorem
419 1265 639 1328 Romanorum
679 1262 871 1326 loriabatur:
887 1272 1031 1349 repente,
1046 1262 1108 1326 filii
1122 1273 1232 1326 morte

251 1361 284 1414 et
303 1352 466 1414 exereitus
488 1348 581 1413 clade
602 1371 646 1412 au
672 1349 731 1430 ta,
755 1370 797 1412 ex
818 1347 930 1412 dolore
945 1349 980 1411 in
995 1348 1140 1412 furorem
1157 1371 1231 1412 ver-

200 1445 238 1502 56
250 1436 337 1500 titur.
360 1434 484 1516 ‚Multis
500 1433 616 1498 diebus
631 1456 698 1498 non
720 1433 846 1520 alloqui
861 1449 1078 1520 quemquam·7
1101 1454 1170 1497 non
1187 1435 1230 1497 ci·

250 1521 329 1586 bum
345 1541 488 1599 sumere,
509 1541 577 1584 nou
591 1541 704 1584 vocem
727 1521 868 1600 mittere,
888 1519 937 1582 ita
951 1527 987 1582 ut
1001 1520 1101 1584 etiam
1117 1529 1230 1583 mutus

250 1607 354 1671 faetus
371 1606 546 1670 videretur.
583 1603 662 1670 Post
675 1604 797 1668 multos
817 1603 936 1668 deinde
953 1604 1037 1686 dies,
1059 1603 1120 1668 ubi
1135 1603 1232 1668 dolor

249 1715 362 1758 vocem
380 1691 558 1771 laxaverat,
574 1690 659 1754 nihil
674 1691 766 1754 aliud
782 1713 880 1777 quam
895 1690 1057 1756 Paobrum
1072 1689 1228 1773 vocabat3

250 1778 394 1844 Pacorus
417 1777 467 1840 illi
487 1777 612 1858 videri,
635 1776 780 1840 Paobrus
801 1775 911 1840 audiri
932 1775 1129 1858 videbatur3
1154 1797 1230 1839 cunr

250 1864 308 1929 illo
324 1863 429 1950 loqui,
452 1884 526 1931 aum
547 1861 605 1927 illo
626 1863 817 1944 consistere;
841 1861 1006 1925 interdum
1023 1861 1119 1946 quasi
1134 1862 1229 1924 amis·

200 1959 322 2016 btsum
342 1948 497 2014 flebiliter
517 1946 658 2012 dolebat.
701 1945 780 2011 Post
801 1946 937 2032 longum
961 1945 1081 2010 deinde
1101 1945 1229 2010 luctum

251 2035 316 2100 alia
345 2033 531 2099 sollicitudo
563 2031 786 2096 miserandum
818 2054 928 2098 senem
955 2031 1100 2112 invadit,
1129 2053 1228 2116 quem

251 2143 292 2186 ex
313 2129 450 2186 nu'mero
473 2120 609 2204 triginta
629 2117 771 2181 filiorum
792 2118 827 2182 in
847 2117 956 2182 locum
975 2117 1092 2182 Paobri
1114 2138 1228 2201 regern

251 2206 401 2270 destinet.
445 2205 570 2269 Multae
596 2205 666 2291 ejus
692 2225 829 2285 uxores,
856 2225 898 2267 ex
921 2201 1042 2289 quibus
1067 2211 1160 2266 tanta
1174 2203 1228 2289 ju·

250 2302 368 2356 ventus
395 2299 551 2375 generata
576 2299 645 2353 erat
656 2337 666 2368 ‚
696 2311 755 2373 pro
783 2289 850 2354 suis
879 2309 1029 2376 quaeque
1056 2286 1225 2368 sollicitae,

251 2377 396 2442 animum
423 2378 511 2441 senis
534 2372 736 2439 obsidebant.
774 2374 840 2439 Sed
865 2374 971 2440 fatum
989 2372 1053 2438 fuit
1072 2371 1223 2435 Parthiae

252 2464 301 2550 (in
327 2484 394 2549 qua
417 2463 489 2549 jam
520 2463 615 2610 (lum
644 2458 793 2524 sollenne
824 2469 892 2541 est,
923 2481 1019 2543 reges
1045 2455 1222 2543 parricidas

251 2548 395 2633 haberi),
422 2558 458 2611 ut
482 2569 536 2611 soe
550 2547 751 2610 eratissimus
779 2547 944 2627 omnium,
973 2553 1006 2607 et
1029 2544 1101 2630 ipse
1124 2541 1225 2606 Phra-

96 2642 188 2706 ado'.
252 2635 344 2698 hates
364 2633 511 2715 nornine,
531 2653 591 2696 rex
610 2639 817 2697 statueretur.

661 2783 737 2837 cte.
754 2785 816 2836 XII.

646 2868 828 2924 Phralmtos.

200 2987 240 3046 58
314 2976 430 3064 Itaque
446 2975 565 3056 statim,
581 2975 677 3061 quasi
688 2973 792 3038 nollet
802 2973 895 3054 mori,
907 2980 1035 3072 patrem
1047 2970 1219 3054 interfecit;

251 3063 366 3130 fratres
389 3084 519 3151 quoque
542 3083 655 3125 omnes
678 3061 812 3144 triginta
832 3057 982 3122 trucidat.
1021 3055 1086 3122 Sed
1107 3078 1169 3120 neo
1187 3056 1221 3120 in
1323 3127 1324 3150 χ

251 3149 329 3218 filiis
345 3159 474 3214 cessant
488 3147 674 3234 parricidia.
697 3145 782 3209 Nam
798 3166 900 3230 quum
915 3143 1049 3207 infestos
1065 3139 1130 3205 sibi
1144 3143 1220 3228 opti·
1323 3201 1324 3214 2

251 3247 354 3300 matos
373 3245 503 3320 propter
519 3231 651 3297 assidua
666 3230 791 3295 scelera
803 3228 939 3309 videret,
956 3228 1104 3292 adultum
1120 3227 1219 3292 filium
1323 3229 1324 3286 ἶ

251 3321 392 3386 interfici
412 3320 527 3406 jubet,
554 3340 596 3382 ne
619 3326 726 3396 esset,
753 3316 811 3402 qui
835 3315 1000 3396 nominari
1025 3336 1084 3378 rex
1106 3321 1216 3400 posset.

201 3416 241 3474 59
252 3407 339 3472 Huio
354 3405 518 3471 Antonius
538 3414 672 3491 propter
691 3402 852 3466 auxilium
868 3399 1025 3464 adversus
1046 3421 1080 3464 se
1101 3409 1132 3466 et
1146 3396 1218 3461 Cae·

252 3515 357 3558 sarem
379 3492 480 3570 latum
503 3489 626 3555 bellum
647 3511 721 3553 cum
742 3488 883 3553 sedecim
899 3485 1112 3552 validissimis
1126 3482 1218 3568 legio-

252 3579 351 3644 nibus
373 3575 500 3658 intulit3
523 3575 581 3640 sed
601 3575 745 3660 graviter
766 3572 878 3638 multis
900 3571 1033 3658 proeliis
1052 3578 1218 3635 vexatusa
