2658 4244
539 350 650 402 mena
665 351 702 400 11.
1093 349 1110 406 9

132 500 264 566 fratrem
287 499 548 587 suumsnbjccit
562 497 758 584 Oropasten.
794 501 877 566 Erat
892 503 980 566 enim
997 509 1029 564 et
1044 502 1109 566 oris

132 595 162 650 et
180 587 329 672 eorporis
352 585 560 650 lineamentis
584 585 775 670 persimilis3
799 609 837 650 ac
860 586 952 652 nullo
975 584 1110 652 subesse

132 671 245 736 dolum
268 669 463 753 arbitrante,
485 693 545 754 pro
560 669 699 735 Smerde
722 693 783 736 rex
798 671 976 756 Oropastes
992 673 1110 736 consti-

130 758 242 820 tuitur.
283 755 377 837 Quae
394 775 452 822 res
467 777 506 820 eo
522 755 680 840 occultior
695 756 765 836 fuit,
783 757 871 842 qued
887 755 977 842 apud
992 755 1110 822 Persas

131 863 274 926 persona
288 841 377 925 regis
391 840 452 906 sub
468 841 578 926 specie
593 841 773 926 majestatis
789 841 961 907 occulitur.
993 841 1111 942 Itaque
1121 851 1161 910 39

129 927 221 1011 Magi
236 925 441 991 adseverem
455 925 572 1011 populi
587 926 831 991 conciliandum
846 927 970 993 tributa
984 935 1017 990 et
1028 927 1112 994 mni-

131 1013 194 1076 tiae
214 1011 423 1078 vacationem
445 1013 480 1076 in
502 1011 682 1076 triennium
698 1013 882 1094 remittunt,
907 1023 944 1078 ut
959 1035 1111 1097 regnum,

131 1097 221 1182 quod
236 1095 353 1160 fraude
368 1097 585 1182 quaesierant,
606 1096 815 1182 indulgentia
833 1108 866 1164 et
879 1099 1111 1183 largitionibus

130 1182 375 1246 confirmarent
413 1181 506 1262 Quae
525 1204 578 1246 res
597 1193 752 1267 suspecta
765 1185 872 1268 prime
888 1184 1015 1264 Ostani,
1038 1185 1110 1248 viro
1120 1192 1162 1250 40

129 1265 237 1334 nobili
259 1275 292 1330 et
311 1267 346 1331 in
362 1268 559 1354 conjecturis
574 1269 797 1351 sagacissime,
812 1269 883 1336 fuit.
921 1269 1037 1355 Itaque
1052 1291 1112 1355 per

129 1353 358 1416 internuncios
374 1353 503 1438 quaerit
517 1351 558 1416 de
573 1351 652 1433 filia,
669 1375 754 1438 quae
769 1356 855 1418 inter
869 1356 977 1439 regias
990 1377 1110 1418 uxores

129 1447 209 1519 erat,
226 1459 270 1502 an
286 1435 366 1522 Cyri
381 1439 468 1522 ragis
484 1436 572 1504 filius
587 1460 648 1503 rex
663 1448 757 1504 esset.
798 1438 871 1520 Illa,
886 1463 946 1508 nec
959 1464 994 1504 se
1010 1449 1110 1520 mrem

129 1532 229 1602 scire,
261 1522 321 1604 ait,
350 1545 410 1588 nec
436 1545 477 1588 ex
504 1531 570 1590 alio
593 1546 689 1603 posse
711 1547 916 1603 cognoscere,
947 1534 1022 1606 quia
1043 1535 1110 1590 sin-

128 1615 225 1689 gulae
249 1615 423 1686 separatim
450 1615 662 1674 recludantur.
708 1609 794 1674 Tum
817 1619 1017 1694 pertractare
1039 1610 1111 1675 dor-

128 1693 248 1757 mienti
262 1701 364 1777 caput
371 1691 482 1780 jubet3
498 1717 575 1759 nam
587 1693 686 1778 Mago
700 1693 880 1780 Cambyses
896 1718 992 1760 aures
1008 1705 1111 1759 utras·

129 1800 194 1863 que
221 1779 437 1861 praeciderat.
480 1779 603 1844 Factus
632 1779 752 1844 deinde
778 1802 838 1864 per
857 1781 961 1846 filiam
984 1782 1160 1859 certior,4l

129 1865 201 1927 sine
222 1861 359 1927 auribus
378 1885 449 1928 esse
471 1887 595 1950 regem,
619 1863 831 1950 optimatibus
850 1865 1027 1930 Persarum
1042 1887 1111 1928 rem

129 1948 272 2030 indicat3
295 1957 328 2013 et
342 1950 378 2012 in
394 1949 528 2014 caedem
548 1950 623 2016 falsi
638 1950 725 2034 regis
741 1948 901 2034 impulsos
916 1953 1112 2014 sacramenti

128 2034 291 2118 religione
322 2034 508 2118 obstringit
552 2035 685 2120 Septem
712 2043 840 2100 tantum
871 2036 995 2102 conscii
1021 2037 1112 2101 fuere

130 2120 230 2206 hujus
254 2120 505 2205 conjurationis3
532 2122 591 2206 qui
617 2141 659 2184 ex
683 2121 880 2202 continenti,
905 2144 949 2186 ne
975 2121 1050 2186 dato
1077 2123 1110 2184 in

131 2205 371 2290 poenitentiam
394 2207 500 2289 spatio
522 2227 575 2270 res
599 2228 659 2292 per
685 2228 885 2293 quemquam
913 2217 1111 2286 narraretur,

130 2288 295 2352 occultato
311 2288 373 2353 sub
388 2299 478 2354 veste
502 2291 588 2358 ferro
604 2290 647 2355 ad
661 2292 786 2375 regiam
802 2302 954 2377 pergunt.
991 2291 1043 2356 Ibi
1059 2293 1112 2356 ob·
1122 2300 1163 2356 42

129 2375 194 2439 viis
221 2373 403 2450 interfectis
430 2375 473 2440 ad
497 2375 554 2440 Ma
578 2399 614 2440 es
639 2377 854 2462 perveniunt,
908 2377 1005 2442 uibus
1032 2379 1112 2461 ipsis

130 2458 268 2544 quidem
283 2459 413 2525 animus
428 2483 495 2526 nen
511 2398 630 2544 deiuit3
654 2462 765 2527 stricto
780 2463 866 2526 ferre
883 2401 966 2526 duos
983 2463 1023 2528 de
1038 2484 1113 2525 con-

116 2541 247 2632 'juratis
267 2543 479 2611 interficiunt.
518 2545 645 2610 Tamen
665 2547 889 2632 corripiuntur
910 2569 929 2610 a
951 2546 1112 2632 pluribus,

130 2651 274 2715 quorum
290 2627 431 2696 alterum
443 2630 595 2718 Gebryas
612 2632 760 2696 medium
774 2631 943 2718 amplexus
959 2642 1112 2699 cunctan-

130 2715 220 2780 tibus
235 2715 314 2796 suis,
329 2737 372 2779 ne
386 2717 495 2801 ipsum
511 2739 570 2801 pro
585 2717 684 2802 Mago
700 2718 951 2800 transfoderent,
968 2719 1047 2804 quia
1063 2741 1113 2784 res

130 2801 274 2866 obscuro
297 2798 369 2865 loco
392 2802 580 2904 gerebatur,
605 2803 659 2867 vel
682 2825 859 2888 persuum
883 2824 1003 2888 corpus
1023 2803 1113 2886 adigi

129 2885 230 2971 Mago
253 2885 376 2950 ferrum
411 2888 502 2952 ussit.
541 2889 691 2954 Fortuna
715 2897 825 2954 tamen
845 2889 948 2953 ictum
968 2897 1113 2975 regente,

129 2972 190 3036 illo
205 2970 367 3036 incolumi
419 2995 500 3058 agas
515 2972 720 3038 interficitur.
958 2986 962 2994 '

504 3123 506 3128 '
546 3127 622 3178 OAP.
641 3127 701 3179 VII.

475 3210 588 3266 Darius
606 3211 776 3282 Hystaspis.

198 3315 326 3392 Occisis
340 3314 458 3400 Magis,
474 3338 597 3402 magna
612 3315 746 3402 quidem
761 3314 867 3400 gloria
882 3315 1005 3400 recepti
1020 3316 1115 3400 regni
1124 3321 1165 3378 43

129 3402 321 3488 principum
335 3401 407 3484 fuit,
423 3402 482 3467 sed
495 3400 598 3467 multe
614 3404 719 3488 major
732 3403 767 3466 in
780 3421 829 3480 ec,
845 3400 943 3486 quod,
960 3423 1062 3486 quum
1075 3399 1115 3464 de

130 3510 235 3572 reguo
255 3485 344 3554 ambi
370 3497 471 3569 erent,
491 3486 691 3552 concordare
702 3495 890 3572 potuerunt.
910 3485 1015 3550 Erant
1027 3487 1114 3550 enim

128 3575 253 3638 vimute
269 3581 303 3637 et
315 3594 360 3638 ne
383 3573 489 3640 ilitate
502 3574 549 3638 ita
562 3595 658 3660 pares
665 3621 674 3654 ,
695 3580 733 3636 ut
750 3571 918 3636 difficilem
935 3593 978 3636 ex
993 3570 1044 3635 his
1059 3593 1115 3656 po-
