2666 4246
259 345 319 404 lll
549 347 689 398 Jusrm
706 347 954 398 maronianum

258 499 327 561 citu
349 519 471 580 magna
493 519 567 582 spes
583 507 662 560 erat
706 499 829 562 Omnia
843 500 946 583 igitur
960 499 1237 582 'circumspicienti
1310 541 1311 546 κ

182 632 191 647 .
258 585 418 668 optimum
435 585 543 646 risum
567 593 625 661 est,
648 583 690 646 ad
712 585 898 648 Alexandri
911 583 1028 667 Magni
1042 584 1238 670 Argyraspi-

259 668 335 749 das,
367 669 548 730 exercitum
578 669 740 731 invictum
769 681 803 733 et
827 679 875 733 tot
895 669 1110 732 victoriarum
1133 669 1239 752 gloria

258 753 537 839 praefulgentem,
566 753 752 817 decurrere.
802 754 869 818 Sed
889 753 1135 838 Argyraspides
1165 762 1241 837 post

259 837 487 901 Alexandrum
510 860 624 900 omnes
640 838 741 902 duces
756 839 983 917 fastidiebant,
999 838 1165 902 sordidam
1180 840 1240 900 mi·
1311 883 1312 892 r

259 923 365 985 litiam
393 921 455 985 sub
485 922 558 986 aliis
587 934 663 1008 post
690 925 774 987 tanti
803 926 891 1010 regis
914 927 1106 987 memoriam
1130 924 1241 987 existi-

231 1017 397 1076 tmantes.
442 1009 559 1094 Itaque
581 1009 748 1073 Eumenes
775 1009 1011 1074 blandimentis
1034 1010 1093 1089 uti,
1117 1010 1241 1094 suppli-

260 1095 342 1156 citer
362 1093 512 1177 singulos
528 1093 664 1180 alloqui,
684 1115 775 1158 nunc
791 1094 1031 1158 commilitones
1047 1115 1134 1174 suos,
1149 1115 1241 1158 nunc

259 1187 413 1263 patronos
428 1179 610 1264 appellans,
618 1201 709 1242 nunc
720 1179 943 1266 periculorum
955 1179 1177 1244 Orientalium
1193 1201 1242 1242 so-

260 1265 346 1344 cios,
374 1284 464 1326 nunc
492 1264 621 1348 refugia
642 1265 759 1330 salutis
782 1287 862 1329 suae
884 1275 917 1328 et
940 1265 1038 1328 unica
1060 1264 1241 1349 praesidia3
1312 1327 1313 1364 ,

260 1370 536 1412 commemorans:
557 1357 643 1414 rotor
672 1373 756 1429 esse,
779 1373 910 1430 qaorum
933 1358 1045 1415 oirmte
1068 1354 1180 1414 Oriens
1202 1358 1244 1414 sit
1312 1373 1313 1414 i

261 1441 415 1508 domitar;
437 1441 532 1514 solos,
556 1443 610 1514 qui
624 1443 765 1501 militiam
779 1441 889 1502 Liberi
896 1443 1013 1516 putris,
1029 1442 1085 1514 qai
1098 1441 1242 1500 Herculis
1312 1451 1313 1454 ’

260 1531 456 1584 monumenta
486 1529 683 1600 superarint‚·
705 1543 769 1602 per
796 1529 857 1586 Itos
885 1527 1096 1586 Alexandrum
1122 1527 1243 1600 sactum

261 1627 331 1670 erse
346 1610 514 1683 Moenum·
532 1627 593 1685 ρον
613 1613 673 1670 Itos
695 1614 818 1672 citrinos
839 1613 975 1670 honores
995 1619 1026 1670 et
1040 1613 1243 1671 immortalem

258 1698 394 1770 pieriam
412 1703 629 1766 consecutam·
651 1701 723 1755 orat
738 1691 892 1777 denique,
908 1699 1023 1754 utnon
1038 1698 1106 1754 tam
1123 1691 1243 1754 ducem

260 1797 304 1854 se,
322 1797 421 1922 paam
438 1775 696 1840 commilitonem
711 1777 882 1863 recipiant.
912 1775 1077 1862 Receptus
1094 1778 1157 1840 hac
1168 1775 1243 1860 lege
1313 1795 1314 1856 t

259 1883 326 1946 pau
342 1863 420 1923 atim
444 1862 620 1945 imperium
636 1871 791 1948 usurpat3
813 1861 899 1924 nihil
913 1862 948 1924 in
965 1862 1079 1924 castris
1096 1863 1168 1924 sine
1183 1861 1243 1924 illo

260 1949 325 2030 agi,
344 1946 430 2010 nihil
447 1947 671 2010 administrari
687 1948 758 2010 sine
773 1946 920 2022 sollertia
934 1945 1025 2010 illius
1038 1955 1177 2033 poterat.

682 2119 758 2170 CAP.
771 2121 822 2170 111.

262 2199 483 2268 Argyraspides
507 2203 745 2338 superanturpet
766 2205 925 2326 ltpmenenr
940 2201 1090 2270 'Antigono
1112 2201 1246 2270 prodere

712 2287 788 2326 aran

231 2381 250 2437 8
327 2371 458 2436 Deinde
492 2395 595 2460 quum
617 2374 823 2458 Antigonum
850 2377 965 2439 venire
992 2397 1068 2438 cum
1096 2374 1247 2437 exercitu

261 2460 457 2521 nunciatum
481 2469 576 2536 esset,
600 2460 769 2545 compellit
791 2483 845 2524 eos
861 2461 896 2522 in
912 2462 1016 2524 aciem
1033 2458 1245 2522 descendere.

261 2544 314 2608 Ibi
338 2544 415 2606 dum
441 2545 534 2609 ducis
557 2546 697 2628 imperia
712 2555 937 2626 contemnunt,
959 2545 1105 2609 hostium
1121 2544 1248 2606 virtute

120 2636 193 2697 ³15.
263 2641 469 2713 superantur.
514 2631 554 2693 In
583 2653 621 2694 eo
645 2631 769 2715 proelio
793 2653 859 2694 non
883 2631 1020 2715 gloriam
1045 2639 1175 2693 tantum
1199 2637 1250 2691 tot

261 2714 440 2795 bellorum,
464 2715 523 2778 sed
546 2723 578 2778 et
600 2719 747 2800 praemia
771 2717 870 2801 longa
892 2715 1012 2779 militia
1027 2723 1123 2802 parta
1139 2713 1248 2798 perdi-

262 2801 392 2864 derunt.
437 2800 503 2863 Sed
527 2801 710 2878 Eumenes,
734 2803 791 2886 qui
816 2811 931 2866 auctor
953 2801 1056 2865 cladis
1079 2809 1160 2877 erat,
1183 2820 1249 2862 neo

262 2885 361 2950 aliam
387 2907 478 2970 spem
502 2888 617 2950 salutis
640 2888 802 2974 reliquam
826 2887 986 2966 habebat,
1009 2889 1114 2950 victos
1138 2885 1248 2947 horta-

233 2972 368 3049 ebatur,
392 2981 429 3033 ut
450 2972 483 3034 in
507 2971 595 3035 bello
611 2984 804 3056 perstarent.
851 2977 895 3036 At
909 2971 1152 3058 Argyraspides
1169 2991 1248 3032 eum

146 3129 151 3138 ,
262 3057 422 3122 conviciis
446 3057 582 3142 agitant,
607 3069 754 3138 querire,
775 3071 850 3137 port
871 3073 915 3122 iot
931 3081 1031 3122 aririos
1047 3064 1248 3120 eremitarum

261 3152 488 3224 stipendiorum
512 3152 676 3208 redeantes
699 3154 820 3210 domam
844 3167 910 3208 cum
923 3151 1078 3222 praemiis
1093 3155 1139 3206 toi
1153 3147 1248 3204 bello-

261 3253 344 3307 rum,
370 3237 410 3293 ab
442 3239 513 3309 ipro
537 3239 684 3294 missione
706 3255 817 3294 rursm·
840 3239 871 3294 in
895 3251 1005 3293 noram
1028 3235 1169 3292 militiam
1193 3233 1251 3288 im-

262 3339 432 3396 mensaque
455 3323 535 3380 bella
558 3325 761 3391 revocaverit,
786 3323 872 3395 qaod
893 3337 914 3377 a
934 3319 1057 3378 loribus
1071 3319 1143 3392 jam
1168 3333 1249 3390 quo·-

264 3409 429 3467 dammodo
464 3411 532 3466 siris
564 3415 594 3465 ei
627 3409 667 3466 ab
698 3412 766 3479 imo
795 3409 901 3464 limine
923 3408 1051 3478 patriae
1078 3404 1252 3462 abduxerit

264 3494 474 3565 inaniterque
486 3495 651 3566 promissis
666 3493 824 3565 deceperit
832 3511 845 3561 ;
867 3507 950 3550 nnnc
966 3505 1096 3564 quoque,
1120 3489 1251 3546 mirissis

264 3581 407 3640 anteritas
426 3581 534 3650 seticis
550 3581 681 3638 militiae
695 3579 890 3652 querca-tiliae,
906 3593 946 3634 ne
961 3579 1059 3636 victos
1074 3575 1198 3648 quidem
1216 3575 1249 3631 in
