2666 4246
251 301 310 364 120
541 303 682 354 Jusrmr
698 298 948 354 nrsroamnms
1014 269 1017 279 ’

250 455 360 522 locum
376 454 519 518 coeundi
531 452 719 533 condicunt,
733 451 926 535 bellumque
935 447 1169 512 communibus
1180 449 1232 510 vi-

249 541 341 606 ribus
356 541 533 606 instruunt.
562 537 626 604 cui
649 559 751 624 quum
772 535 958 601 Cassander
978 536 1137 598 interesse
1156 555 1233 620 pro-

248 636 322 728 pter
336 625 513 688 finitimum
527 623 652 687 bellum
668 645 736 686 non
755 630 879 708 posset,
901 619 1139 704 Lysimachum
1154 641 1231 682 cum

248 711 439 798 angentibus
456 709 559 796 copiis
574 711 609 772 in
626 707 787 772 auxilium
803 708 900 771 sociis
914 707 1024 768 mittit.

667 862 742 914 CAP.
760 863 811 914 111.

584 945 889 1016 Lysimachus.

220 1061 237 1117 9
313 1049 395 1112 Erat
414 1049 469 1112 hic
488 1049 708 1134 Lysimachus
728 1048 849 1114 illustri
865 1046 998 1132 quidem
1015 1044 1230 1108 Macedoniae

248 1133 320 1198 loco
336 1143 442 1215 natus,
459 1133 518 1198 sed
533 1136 654 1197 virtute
670 1134 803 1212 clarior,
827 1154 911 1218 quae
926 1141 1018 1196 tanta
1032 1132 1067 1194 in
1083 1130 1141 1194 illo
1157 1130 1230 1209 fuit,

248 1229 285 1282 ut
312 1219 413 1282 animi
440 1219 684 1304 magnitudine,
708 1217 918 1304 philosophia
942 1219 1015 1300 ipsa
1040 1217 1230 1301 viriumque

249 1302 355 1386 gloria
378 1325 505 1384 omnes,
526 1327 586 1390 per
607 1326 690 1391 quos
714 1303 833 1368 Oriens
854 1302 997 1366 domitus
1013 1309 1077 1381 est,
1102 1301 1228 1364 vicerit.

198 1400 238 1456 10
249 1387 359 1468 Quum
376 1388 569 1452 Alexander
583 1389 726 1472 Magnus
742 1387 977 1452 Callisthenem
993 1385 1229 1472 philosophum

176 1489 180 1496 ·
247 1482 382 1559 propter
397 1473 765 1537 salutationisPersicae
779 1472 1024 1556 interpellatum
1040 1491 1164 1534 morem
1181 1471 1230 1533 in·

247 1556 406 1622 sidiarum
416 1607 425 1638 ,
446 1579 531 1643 qnae
552 1558 616 1622 sibi
631 1567 764 1644 paratae
780 1558 926 1636 fuerant,
943 1557 1110 1620 conscium
1128 1556 1230 1619 fuisse
1313 1559 1314 1568 ’

246 1643 349 1706 iratus
361 1641 519 1722 finxisset,
537 1665 689 1728 eumque,
705 1644 865 1706 truncatis
881 1641 1059 1706 crudeliter
1074 1642 1229 1704 omnibus
1313 1651 1314 1658 ’

246 1728 421 1809 membris,
449 1727 652 1815 abscisisque
672 1727 808 1794 auribus
824 1749 863 1790 ac
878 1749 959 1791 naso
975 1726 1153 1812 labiisque,
1174 1725 1230 1788 de·
1313 1783 1314 1790 ,

246 1813 350 1877 forme
367 1835 405 1878 ac
421 1813 646 1877 miserandum
662 1813 887 1896 spectaculum
904 1812 1116 1888 reddidisset,
1139 1812 1230 1874 insn-

246 1919 396 1983 percum
413 1921 494 1962 canc
510 1900 545 1962 in
562 1920 664 1961 cavea
679 1899 828 1962 clausum
841 1897 884 1961 ad
902 1907 1024 1961 metum
1043 1905 1229 1960 ceterorum

247 1984 487 2047 circumferret:
515 1993 593 2047 tunc
609 1983 843 2069 Lysimachus,
861 1982 975 2046 audire
991 1981 1230 2046 Callisthenem

247 2075 278 2130 et
297 2078 474 2152 praecepta
494 2068 589 2131 abeo
611 2070 743 2132 virtutis
758 2069 827 2132 acci
854 2090 907 2131 ere
924 2068 1049 2145 solitus,
1072 2068 1229 2130 misertus

246 2154 330 2215 tanti
353 2153 426 2232 viri,
442 2174 608 2216 venenum
629 2155 659 2216 ei
679 2155 714 2217 in
733 2091 916 2217 remedium
933 2153 1156 2218 calamitatum
1174 2150 1231 2215 ds·

247 2235 302 2301 dit.
346 2235 444 2316 Quod
460 2237 542 2302 adeo
558 2260 656 2321 aegre
673 2239 865 2302 Alexander
878 2239 967 2319 tulit,
984 2246 1020 2302 ut
1035 2260 1111 2300 eum
1127 2237 1231 2322 objici

196 2334 232 2390 11
246 2321 449 2386 ferocissimo
470 2321 559 2386 leoni
575 2323 718 2408 juberet.
755 2323 821 2388 Sed
838 2346 938 2409 quum
956 2322 998 2386 ad
1013 2333 1230 2406 conspectum
1314 2369 1315 2404 ,

247 2407 317 2492 ejus
333 2409 514 2472 concitatus
530 2408 581 2471 leo
597 2409 755 2494 impetum
772 2409 916 2486 lecisset,
933 2430 1067 2471 manum
1084 2407 1230 2471 amiculo
1314 2411 1315 2484 ζ

244 2491 425 2556 involutam
436 2492 655 2579 Lysimachus
668 2495 702 2556 in
719 2515 755 2557 os
771 2493 875 2557 leonis
892 2494 1060 2573 immersit,
1076 2492 1231 2576 abrepta-

246 2599 310 2661 que
331 2577 449 2663 lingua
469 2579 571 2642 feram
594 2578 806 2642 exanimavit.
853 2577 951 2658 Quod
972 2599 1074 2664 quum
1089 2579 1230 2642 nuncla-

244 2669 314 2724 tum
331 2663 402 2746 regi
419 2673 514 2742 esset,
531 2663 704 2726 admiratio
720 2664 753 2726 in
772 2664 1027 2728 satisfactionem
1042 2665 1153 2743 cessit,
1175 2685 1230 2727 ca-

245 2747 433 2832 rioremque
464 2769 538 2810 eum
562 2758 698 2832 propter
717 2750 934 2812 constantiam
962 2757 1072 2813 tantae
1093 2749 1229 2813 virtutis

194 2829 370 2895 rehabuit.
400 2831 619 2916 Lysimachus
659 2855 768 2919 noque
784 2855 905 2918 magno
927 2836 1038 2897 animo
1053 2835 1154 2918 regis,
1172 2856 1227 2898 ve·

244 2913 295 2978 lut
317 2918 464 3000 parentis
488 2856 720 2982 contumeliam
748 2919 833 2982 tulit
882 2919 1037 3005 Denique
1067 2920 1157 2983 omni
1184 2941 1227 2982 ex

244 3003 355 3065 animo
370 3001 469 3089 hujus
485 3002 562 3066 facti
578 3005 737 3068 memoria
752 3004 935 3085 exturbata,
951 3015 1064 3090 postea
1077 3007 1110 3067 in
1128 3003 1228 3068 India

244 3108 347 3170 quum
363 3109 423 3151 rex
442 3088 607 3153 insectans
624 3089 784 3174 quosdam
800 3088 951 3174 palantes
968 3089 1077 3153 hostes
1094 3110 1112 3152 a
1129 3090 1227 3152 satel-

243 3169 338 3234 litum
360 3173 458 3237 turba
478 3174 555 3259 equi
578 3176 630 3238 sui
651 3173 816 3238 celeritate
833 3174 979 3238 desertus
1002 3183 1107 3253 esset,
1130 3173 1227 3259 Lysi-

243 3257 383 3322 machus
406 3259 498 3324 solus·
518 3260 548 3322 ei
568 3280 629 3343 per
649 3260 827 3324 immensas
842 3281 1016 3323 arenarum
1033 3259 1136 3322 moles
1152 3282 1227 3322 our-

193 3349 231 3407 13
244 3363 300 3404 sus
327 3365 435 3408 comes
461 3344 533 3408 fuit.
579 3343 677 3424 Quod
702 3344 789 3408 idem
813 3354 910 3410 antea
929 3345 1104 3430 Philippus
1123 3345 1229 3410 frater

243 3427 315 3512 ejus
338 3451 440 3514 quum
465 3429 574 3493 facere
589 3429 763 3510 voluisset,
779 3430 866 3492 inter
880 3453 998 3494 manus
1014 3431 1101 3514 regis
1117 3451 1176 3494 exs
1202 3433 1229 3493 l-

242 3521 383 3577 raverat.
417 3513 485 3578 Sed
505 3514 742 3600 Lysimachum
759 3514 915 3580 desiliens
931 3537 1015 3601 equo
1031 3516 1159 3582 Alexan
1188 3537 1230 3578 er
