2666 4246
257 363 299 426 82
549 366 690 418 Jcsrm
706 364 955 418 ms'romanunr

257 517 346 581 fecit.
376 515 489 581 Gessit
502 527 535 580 et
548 515 647 616 plura
659 513 835 580 bellacum
846 514 1020 614 praefectis
1031 514 1144 614 Dssfib,
1155 535 1235 614 quos

252 603 325 690 jam
340 623 408 668 non
422 611 489 664 tam
505 623 618 681 armis,
633 623 732 688 quam
747 607 873 664 terrore
886 621 1029 662 nommrs
1043 622 1096 663 su1
1111 606 1201 662 vicit

402 833 574 888 Alexander
589 752 861 892 ndufiAderdlu
877 833 979 898 gladio
997 833 1101 888 solvit.

208 947 251 1006 10
324 935 415 999 Dum
427 934 510 997 haec
521 943 674 1018 aguntur,
689 935 821 998 iuterim
831 935 955 997 indicio
967 935 1091 1019 captivi
1103 933 1148 998 ad
1163 955 1237 998 eum

259 1020 424 1098 defertur,
439 1019 583 1082 'insidias
604 1020 635 1084 si
654 1018 697 1082 ab
712 1018 904 1085 Alexandro
918 1019 1094 1102 Lyncesta,
1115 1039 1238 1103 genero

258 1104 444 1188 Antipatri,
468 1105 526 1188 qui
549 1104 758 1188 praepositus
777 1103 993 1168 Macedoniae
1015 1111 1094 1184 erat,
1115 1104 1238 1187 parari.

259 1188 314 1254 Ob
337 1210 437 1273 quam
460 1209 595 1252 causam
617 1189 753 1269 timeus,
780 1209 825 1252 nc
850 1189 924 1272 quis
946 1187 1117 1251 interfecto
1140 1209 1180 1251 eo
1203 1189 1239 1250 in

258 1272 455 1336 Macedonia
476 1281 585 1336 motus
608 1274 765 1353 oriretur,
786 1273 824 1336 in
844 1273 990 1336 vinculis
1013 1293 1088 1336 eum
1110 1271 1239 1336 habuit

209 1366 249 1424 11
259 1357 341 1420 Post
355 1355 437 1418 hacc
448 1355 611 1420 Gordium
626 1355 742 1420 urbem
757 1358 849 1440 petit,
865 1379 952 1442 quac
966 1357 1074 1442 posita
1088 1365 1139 1420 est
1151 1358 1241 1420 inter

259 1439 443 1524 Phrygiam
452 1441 650 1524 majoremet
659 1443 836 1522 minorem3
848 1443 943 1527 cujus
955 1441 1048 1505 urbis
1057 1439 1240 1524 potiundae

259 1546 329 1589 non
343 1534 411 1588 tam
426 1535 560 1609 propter
574 1525 731 1609 praedam
746 1525 867 1610 cupido
879 1548 955 1590 euru
966 1528 1064 1610 cepit,
1078 1525 1138 1590 sed
1149 1525 1242 1612 quod

260 1608 421 1688 audierat,
440 1610 477 1671 in
498 1631 539 1672 ea
559 1609 643 1676 urbe
663 1611 700 1674 in
719 1611 842 1698 templo
856 1611 951 1675 Jovis
961 1612 1002 1696 ju
1098 1609 1242 1694 plaustri

261 1693 381 1760 Gordii
403 1695 564 1776 positum3
585 1697 681 1781 cujus
702 1717 828 1760 nexum
842 1697 872 1759 si
887 1697 960 1780 quis
975 1717 1012 1760 so
1050 1697 1138 1773 'seb
1161 1715 1241 1760 eum

258 1788 330 1844 toto
357 1779 439 1842 Asis
466 1787 699 1862 regnaturum,
733 1780 803 1844 auti
827 1800 872 1843 ua
903 1779 1039 1844 oracula
1066 1779 1239 1844 cecinisse.
1323 1851 1324 1862 χ

211 1874 252 1932 12
261 1864 371 1950 Hujus
393 1864 442 1928 rei
464 1885 565 1930 causa
586 1873 622 1928 et
634 1865 727 1948 origo
740 1803 885 1928 illaluit
923 1863 1069 1930 Gordius
1083 1885 1189 1949 quum
1203 1864 1240 1926 in
1323 1905 1324 1920 i

261 1947 314 2014 his
338 1948 531 2032 regionibus
555 1947 666 2011 bubus
692 1948 863 2014 conductis
888 1958 1012 2028 araret,
1051 1970 1130 2011 aves
1162 1969 1241 2012 eum

261 2033 377 2178 omnisl
386 2034 516 2178 gegeris
530 2031 771 2131 circumvolare
788 2043 987 2182 oocpffruntb
1008 2032 1181 2132 l'rofcctus
1195 2032 1241 2096 ad

261 2126 1244 2286 ffitffiltssgllffiffllilrttmpbllt

260 2294 381 2370 tuaque
393 2292 442 2346 est
453 2306 537 2363 eam,
548 2307 647 2370 quem
658 2287 864 2371 potissimum
873 2308 1033 2369 augurem
1040 2285 1239 2350 consuleret.

258 2368 333 2450 Illa,
355 2368 469 2432 audita
489 2389 592 2432 causa
613 2369 826 2451 consulendi,
849 2392 954 2454 gnara
973 2371 1052 2434 artis
1075 2391 1118 2434 ex
1140 2369 1240 2434 disci-

259 2453 353 2538 plina
366 2462 551 2536 parentum,
573 2475 703 2533 reputem
719 2463 751 2520 ei
757 2463 917 2533 ponendi,
941 2453 1121 2541 respondit,
1141 2453 1241 2538 polli-

257 2547 415 2624 ceturque
436 2561 473 2602 sc
492 2547 525 2601 et
544 2539 745 2604 matrimonii
759 2547 793 2601 et
807 2540 879 2623 spei
895 2540 1028 2602 sociam.
1065 2539 1152 2602 Tam
1190 2538 1241 2602 ul-

208 2623 339 2691 13chra
352 2622 504 2686 condicio
552 2623 636 2686 rima
654 2624 751 2707 regni
771 2623 913 2688 felicitas
936 2623 1122 2688 videbatur.
1159 2561 1242 2686 Fost

256 2706 389 2789 nuptias
405 2707 528 2770 interP
593 2727 654 2790 gas
668 2717 742 2772 orta
754 2708 872 2774 seditio
887 2717 946 2772 est.
977 2706 1239 2772 consulentibus
1321 2719 1322 2766 3

257 2790 299 2855 de
310 2791 378 2854 fine
389 2790 628 2856 discordiarum
641 2791 776 2856 oracula
786 2792 1036 2878 responderunt,
1051 2813 1157 2871 recem
1170 2799 1236 2856 dis·

257 2882 380 2940 cordir's
394 2897 474 2952 opus
489 2897 566 2940 csse.
596 2876 717 2945 Iterato
732 2887 928 2962 quaerentes
940 2877 982 2940 dc
992 2897 1134 2960 persona
1145 2876 1236 2960 regis

250 2959 414 3046 jubentur
425 2980 501 3022 enm
513 2981 626 3043 regem
639 2961 827 3042 observare,
842 2973 941 3046 quem
951 2961 1076 3026 reversi
1089 2962 1236 3046 primum

205 3043 463 3129 ldintsmplnm
472 3043 707 3110 Joviseuutem
715 3045 864 3130 plaustro
872 3047 1080 3129 reperissent.
1104 3044 1235 3110 Obvius
1320 3089 1321 3098 r

254 3131 322 3195 illis
338 3129 485 3197 Gordius
507 3129 581 3210 fuit,
603 3132 779 3216 stafimqne
799 3152 875 3194 eum
890 3151 1002 3214 regem
1018 3129 1234 3194 consalutant.
1320 3139 1321 3146 ’

253 3215 317 3283 Ille
337 3214 533 3299 plaustrum,
558 3236 622 3300 qno
644 3214 780 3280 vehenti
801 3237 941 3299 regnum
957 3214 1102 3280 delatum
1117 3213 1234 3294 fuerat,

253 3302 291 3364 in
305 3299 428 3384 templo
443 3299 538 3364 Jovis
578 3298 697 3363 ositum
712 3299 877 3386 Majestati
891 3321 927 3362 re
951 3298 1002 3361 iac
1016 3299 1233 3364 consecravit.

252 3385 334 3450 Post
348 3383 439 3448 hunc
452 3385 541 3448 filius
593 3382 649 3447 ida
662 3385 824 3468 regnavit,
846 3385 903 3470 qui
919 3321 960 3448 db
976 3382 1111 3466 Orpheo
1127 3403 1235 3446 socro-
1319 3429 1320 3442 ,

254 3491 329 3534 rum
344 3468 550 3534 sollennibus
573 3468 721 3532 initiatus
736 3467 917 3554 Phrygiam
940 3466 1159 3551 religionibus
1173 3468 1234 3532 im·

254 3554 376 3640 plevit,
405 3553 525 3637 quibus
555 3553 658 3615 tutior
683 3554 773 3616 omni
802 3555 884 3634 vita,
909 3575 1008 3638 quom
1032 3552 1132 3616 armis
1159 3552 1234 3617 fuit.
