2666 4246
244 345 282 405 80
523 347 665 401 JUSTlNI
681 347 931 400 HISTORIARUM

244 499 383 568 moriam
402 501 562 586 pristinae
586 499 717 564 virtutis
737 519 799 562 rex
820 521 840 561 a
859 499 984 586 populo
1004 501 1230 582 constitutur,

244 583 341 648 Darii
355 587 498 666 nomine,
514 607 557 650 ne
573 584 654 671 quid
667 584 780 669 regiae
793 586 958 670 majestati
973 585 1109 668 deesset,
1125 585 1232 650 hono·

245 679 345 751 ratus,
359 669 553 757 bellumque
564 692 640 734 cum
650 667 844 734 Alexandro
856 671 990 756 Magno,
1006 671 1063 735 diu
1075 672 1232 736 variante

246 755 391 836 fortuna,
421 777 543 840 magna
567 755 690 820 virtute
714 755 824 840 gessit
861 755 1032 821 Postremo
1052 757 1162 822 vietus
1185 755 1231 820 ab

245 839 437 906 Alexandro
460 851 492 904 et
513 864 535 904 a
557 841 706 923 cognatis
729 841 857 904 occisus
879 842 981 906 vitam
1004 843 1129 929 pariter
1152 861 1232 906 cum

246 926 420 990 Persarum
436 947 540 1010 regno
556 926 675 989 finivit
934 952 935 956 ¹

658 1099 813 1110 0-—

553 1209 556 1214 ’
600 1231 748 1307 omne
773 1209 893 1308 xiv(
972 1187 974 1192 ’

341 1355 561 1429 Alexandri
586 1356 723 1447 Magni
747 1356 896 1450 bellum
922 1355 1133 1430 Persicum.

361 1586 533 1644 Alexander
542 1585 657 1644 bellum
668 1503 824 1644 inguim
835 1586 1027 1654 aggreditur.
1045 1585 1114 1642 384.

219 1699 236 1756 1
311 1689 529 1755 Proficiscens
543 1689 588 1754 ad
599 1690 771 1756 Persicum
787 1689 923 1769 bellum,
939 1711 1053 1754 omnes
1067 1709 1235 1754 novercae

248 1797 327 1841 suae
348 1783 506 1862 cognatos
514 1821 524 1856 ,
548 1797 631 1862 quos
645 1775 821 1861 Philippus
841 1776 877 1838 in
893 1774 1108 1840 excelsiorem
1123 1773 1234 1859 digni·

247 1862 322 1926 tatis
339 1861 455 1962 locum
465 1860 653 1947 provehens
667 1861 815 1946 imperiis
817 1859 1040 2010 praefecerat,
1056 1859 1234 1924 interfecit.

248 1947 314 2011 Sed
328 1969 391 2012 nee
406 1969 489 2028 sura,
506 1945 565 2032 qui
579 1945 649 2032 apti
663 1967 766 2031 regno
782 1946 817 2008 vi
841 1944 995 2026 chuntur,
1010 1945 1172 2030 pepercit,
1189 1965 1235 2008 ne

249 2054 316 2116 qua
335 2033 475 2096 materia
489 2031 660 2096 seditionis
667 2079 678 2112 ,
693 2029 810 2116 procul
824 2053 860 2094 se
883 2039 1012 2114 agente,
1028 2031 1065 2094 in
1079 2027 1235 2094 Macedo

249 2117 306 2178 nia
326 2125 528 2199 remaneret3
544 2125 577 2180 et
587 2137 682 2202 reges
695 2115 927 2202 stipendiarios
938 2115 1173 2202 conspectioris
1183 2116 1235 2179 in-

250 2200 341 2284 genii
356 2200 406 2264 ad·
418 2200 649 2266 commilitium
668 2222 782 2268 seeum
796 2200 914 2282 trabit,
934 2203 1105 2285 segniores
1125 2199 1169 2264 ad
1183 2207 1236 2266 tn-

221 2285 350 2350 2telem
372 2286 471 2372 regni
491 2285 661 2373 relinquit
697 2286 855 2352 Adunato
876 2285 997 2351 deinde
1009 2285 1161 2350 exercitu
1175 2308 1235 2350 na-

249 2393 308 2434 ves
330 2377 459 2454 onerat,
483 2371 573 2438 unde
597 2381 775 2459 conspecta
797 2371 881 2436 Asia
899 2369 1089 2436 incredibili
1112 2369 1235 2436 ardere

250 2457 369 2520 mentis
384 2477 553 2540 aecensus,
570 2456 745 2524 duodecim
761 2479 836 2520 aras
851 2456 1038 2522 deorum'in
1060 2455 1142 2521 belli
1156 2466 1236 2522 ¹eota

250 2543 374 2606 statuit.
410 2542 652 2608 Patrimonium
675 2565 772 2608 omne
794 2563 891 2606 suum
899 2590 908 2621 ‚
926 2541 1016 2629 quod
1030 2542 1065 2605 in
1080 2541 1236 2607 Macedo-

250 2628 307 2690 nia
335 2627 537 2715 Europaqne
557 2627 718 2709 habebat,
748 2627 863 2691 amieis
885 2626 1023 2707 dividit,
1047 2632 1111 2692 sibi
1124 2634 1236 2693 Asiam

250 2719 399 2791 sufficere
412 2713 589 2798 praefatus.
619 2713 819 2799 Priusquam
835 2711 905 2775 ulla
918 2713 1014 2776 navis
1030 2711 1125 2776 litore
1140 2733 1236 2776 exee-

252 2797 353 2878 deret,
369 2796 492 2862 hostias
507 2797 624 2881 caedit,
639 2807 755 2886 petens
770 2806 935 2864 victoriam
951 2805 1040 2878 tello,
1056 2819 1117 2876 quo
1133 2803 1235 2862 Grae-

223 2891 323 2948 3er'ae
343 2889 437 2948 toties
460 2905 480 2946 n
494 2889 604 2949 Persis
618 2893 742 2965 petitae
763 2892 845 2948 ultor
867 2891 982 2948 electus
1001 2890 1053 2948 ait
1089 2881 1158 2948 Sed
1170 2905 1236 2946 nec

252 2967 417 3032 exereitus
447 2969 519 3053 ejus
548 2966 635 3051 elia,
662 2992 761 3056 quam
790 2968 878 3052 regie
908 2967 1131 3055 praesumptio
1153 2965 1234 3051 trit,

252 3053 377 3140 qnippe
399 3052 493 3118 obliti
515 3075 628 3120 omnes
649 3056 750 3143 conju
798 3077 831 3118 m
855 3052 1102 3140 liberorumque
1116 3061 1150 3121 et
1164 3052 1236 3118 lon-

253 3140 398 3225 ginquae
417 3162 438 3203 a
456 3138 555 3206 domo
576 3138 730 3220 militiae,
751 3077 922 3204 Pbrsioum
940 3149 1064 3214 'aurum
1082 3145 1116 3202 et
1134 3138 1235 3204 totius

253 3224 399 3290 Orientis
414 3247 493 3311 opes
503 3226 574 3311 jam
590 3225 687 3312 quasi
698 3247 795 3290 snam
805 3223 964 3310 praedam
973 3221 1156 3306 ducebant3
1172 3245 1237 3288 nee

252 3309 334 3374 belli
362 3309 669 3398 periculorumque,
700 3310 760 3376 sed
788 3309 980 3376 divitiarum
1006 3308 1235 3375 meminerant

223 3401 243 3458 4
255 3394 366 3475 Quum
380 3394 482 3461 delati
497 3396 532 3460 in
545 3397 768 3462 continentem
778 3404 898 3474 essent,
913 3392 1237 3481 primusAlexander

247 3479 399 3566 jaculum
410 3481 504 3546 velut
518 3481 553 3546 in
568 3481 722 3546 hostilem
734 3491 853 3546 terram
863 3478 955 3567 jecit,
971 3487 1183 3565 armatusque
1192 3478 1237 3544 de

254 3565 333 3630 navi
360 3565 557 3653 tripudianti
585 3566 703 3632 similis
731 3566 898 3653 prosiluit3
925 3574 1024 3652 atque
1049 3565 1096 3630 ita
1113 3564 1237 3630 hostias
