2658 4250
493 367 601 420 LIBER
618 367 740 419 xxm
1045 363 1103 425 119

126 519 286 586 adversus
303 517 466 584 Gallicam
490 520 651 584 feritatem
671 527 814 601 tuentur,
837 520 906 583 sive
922 518 1001 584 dum
1017 520 1102 585 ultro

126 608 308 688 lacessunt,
325 627 344 668 a
367 606 488 692 quibus
508 605 639 669 fuerant
654 613 729 669 ante
745 604 897 687 lacessiti,
921 614 1103 690 gesserunt.
1155 609 1157 614 ’

30 688 37 705 ’
124 693 277 778 Namque
302 689 546 772 Phocaeenses,
580 691 761 774 exiguitate
792 712 831 754 ac
862 691 968 756 macie
998 699 1153 757 terrae23

127 779 246 856 eoacti,
270 776 447 842 studiosius
469 797 569 857 mare,
592 798 692 863 quam
714 784 816 840 terras
838 797 1029 840 exercuere:
1052 777 1103 861 pi-

126 863 260 941 scando,
275 862 462 944 mercando,
478 861 676 961 plerumque
692 863 789 925 etiam
805 861 976 926 latrocinio
991 862 1102 941 maris,

126 949 217 1037 quod
239 947 305 1012 illis
327 947 531 1034 temporibus
553 947 678 1032 gloriae
693 945 884 1027 habebatur,
906 949 1010 1012 vitam
1025 946 1104 1012 tolc-

126 1033 254 1099 rabant.
298 1031 415 1120 Itaque
435 1034 470 1097 in
493 1032 643 1097 ultimam
665 1032 791 1098 Oceani
813 1055 902 1096 oram
926 1033 1154 1118 procederem

126 1120 217 1200 ausi,
240 1119 276 1182 in
299 1119 407 1182 sinum
424 1118 589 1184 Gallicum
614 1118 698 1182 ostio
711 1116 864 1182 Rhodani
886 1119 991 1183 amnis
1008 1118 1103 1183 deve-

125 1223 228 1278 neras,
238 1205 332 1292 cujus
348 1204 413 1269 loci
428 1205 624 1268 amoenitate
640 1205 737 1290 capti,
756 1204 880 1277 reversi
895 1203 1040 1285 deinum,
1055 1225 1103 1268 re-

124 1291 277 1370 ferentes,
301 1310 386 1376 quae
405 1289 566 1366 viderant,
590 1288 702 1374 plures
719 1289 946 1356 sollicitavere.
991 1289 1103 1354 Duces
1114 1296 1153 1353 25

125 1375 240 1440 classis
254 1375 361 1440 Simos
381 1385 414 1439 et
427 1375 533 1440 Protis
548 1374 650 1440 fuere.
694 1373 812 1460 Itaque
825 1397 936 1460 regem
952 1373 1103 1462 Segobri-

152 1462 266 1542 ‘orum,
281 1459 437 1524 Nannum
452 1461 596 1542 nomine,
612 1461 647 1524 in
661 1460 756 1524 cu'us
765 1459 887 1525 finibus
899 1460 1015 1525 urbem
1028 1482 1103 1526 con·

126 1483 205 1611 dlare
217 1545 411 1630 gestiebant,
423 1547 602 1611 amicitiam
614 1555 761 1633 petentes
770 1548 981 1614 conveniunt
1004 1547 1103 1611 Forte
1114 1552 1153 1610 26

124 1653 165 1696 eo
189 1629 242 1696 die
264 1654 324 1698 rex
345 1640 523 1719 occupatus
543 1632 579 1695 in
602 1640 763 1718 apparatu
777 1633 967 1734 nuptiarum
983 1630 1103 1719 Gyptis

125 1717 215 1782 filiae
237 1726 321 1799 erat,
346 1739 446 1818 quam
468 1739 558 1782 more
579 1718 685 1802 gentis
700 1717 803 1782 electo
819 1725 905 1781 mter
920 1717 1035 1802 epulas
1050 1738 1103 1802 ge·

102 1806 105 1814 '
126 1825 206 1868 nero
221 1803 257 1867 in
272 1803 518 1868 matrimonium
533 1801 662 1866 tradere
676 1801 824 1888 parabat.
868 1802 985 1889 Itaque
999 1823 1103 1889 quum

125 1888 169 1953 ad
183 1889 317 1973 nuptias
331 1888 461 1954 invitati
474 1897 587 1953 omnes
597 1889 690 1990 proci
702 1897 819 1970 essent,
829 1897 994 1973 ,rogantur
1004 1888 1102 1952 etiam

126 1975 247 2040 Graeci
273 1972 419 2061 hospites
445 1973 488 2039 ad
513 1975 714 2039 convrvium.
765 1972 958 2038 Introducta
983 1972 1115 2037 deinde

125 2059 221 2146 virgo
248 2081 350 2145 quum
371 2059 545 2146 juberetur
570 2081 590 2123 a
611 2069 704 2144 patre
727 2081 848 2146 aquam
870 2061 1039 2147 porrigere
1062 2059 1103 2139 ei,

127 2167 226 2231 quem
241 2145 350 2210 virum
362 2144 507 2232 eligeret,
523 2155 611 2226 tunc,
629 2145 757 2210 omissis
770 2145 932 2227 omnibus,
948 2145 991 2209 ad
1003 2143 1103 2210 Grae·
1186 2178 1190 2186 ·

126 2252 182 2295 cos
208 2251 367 2295 conversa
394 2253 515 2318 aquam
541 2230 632 2295 Proti
657 2231 812 2316 porrigit,
846 2230 1035 2317 quilfactus
1062 2251 1104 2294 ex

127 2315 256 2404 hospite
277 2337 380 2402 gener
398 2315 508 2381 locum
531 2316 723 2381 condendae
743 2316 835 2382 urbis
850 2339 870 2380 a
885 2337 998 2385 socero
1015 2335 1104 2381 acce·

127 2404 185 2489 pit.
217 2401 358 2467 Condita
379 2403 483 2487 igitur
500 2401 649 2467 Massilia
671 2410 721 2466 est
733 2423 837 2488 prope
853 2403 937 2466 ostia
950 2400 1153 2466 Rhodaniar

129 2489 235 2553 amnis
258 2489 292 2552 in
315 2497 440 2552 remoto
460 2489 546 2569 sinu,
566 2487 673 2552 veluti
694 2488 729 2552 in
746 2486 868 2571 angulo
884 2488 994 2552 maris.
1038 2486 1104 2551 Sed

128 2572 278 2673 Ligures,
300 2573 511 2638 incrementis
536 2572 627 2638 urbis
647 2571 842 2653 invidentes,
866 2571 1011 2637 Graecos
1026 2571 1105 2635 assi·

130 2657 205 2722 durs
231 2657 326 2724 bellis
349 2657 549 2744 fatigabant,
572 2659 630 2744 qui
651 2657 800 2744 pericula
821 2655 1045 2744 propulsando
1069 2658 1104 2722 in

127 2752 254 2809 tantum
281 2744 485 2826 enituerunt,
512 2753 565 2826 ut,
592 2743 688 2807 victis
714 2741 878 2825 hostibus,
903 2744 939 2808 in
965 2743 1104 2830 captivis

127 2831 217 2917 agris
232 2829 352 2894 multas
368 2830 513 2896 coloniae
529 2829 774 2894 constituerent.

333 3068 378 3124 lle
395 2984 630 3124 nmsruodlllr
640 2984 734 3124 lveltcl
751 3080 900 3124 successu.

192 3170 246 3236 Ab
268 3171 321 3235 his
343 3171 445 3257 igitur
460 3170 550 3236 Galli
565 3180 597 3235 et
611 3193 708 3236 usum
724 3171 812 3235 vitae
827 3170 984 3252 culfioris,
1008 3170 1105 3257 depo·
1115 3181 1155 3239 28

129 3258 193 3323 sita
215 3267 247 3323 et
269 3257 492 3322 mansuefacta
513 3255 676 3339 barbaria,
700 3264 732 3321 et
747 3277 899 3341 agrorum
915 3255 1051 3337 cultum,
1074 3265 1106 3322 et

127 3343 227 3409 urbes
239 3342 411 3407 moenibus
431 3342 564 3428 cingere
577 3341 772 3407 didicerunt.
803 3341 899 3406 Tunc
916 3350 948 3406 et
964 3340 1104 3491 lapibus,

127 3451 195 3495 non
218 3428 317 3494 armis
330 3428 460 3508 vivere,
483 3439 563 3494 tunc
578 3439 611 3493 et
624 3429 725 3492 vitem
740 3435 866 3513 putare,
888 3436 968 3492 tunc
983 3429 1104 3493 ciram

128 3535 236 3580 serere
259 3522 517 3597 consueverunt3
541 3513 689 3600 adeoque
712 3535 852 3598 magnus
868 3511 900 3578 et
914 3513 1103 3578 hominibus

127 3609 161 3665 et
182 3599 281 3665 rebus
302 3599 476 3684 impositus
499 3608 549 3663 est
568 3600 665 3682 nitor,
688 3609 725 3665 ut
739 3620 806 3664 non
822 3598 962 3666 Graecia
976 3600 1011 3665 in
1028 3599 1105 3664 Gal·
