2678 4246
480 335 732 386 nmaaxxxnr.
1054 329 1122 392 ⁶9.

106 496 200 552 runt.
244 486 362 572 Itaque
378 485 520 562 eundem
535 486 571 548 in
585 485 751 550 theatrum
767 485 844 548 duci
853 486 1036 584 jusserunt,
1056 465 1105 556 0

107 595 228 638 omncs
249 578 494 652 contuerentur,
517 593 616 656 quem
631 571 775 656 potuisse
791 592 831 633 ca
853 593 875 650 1,
899 569 1094 634 incredibile

108 657 256 744 singulis
270 655 453 722 videbatur.
493 655 576 720 Inde
592 658 627 720 in
643 677 807 720 carcerem
823 591 921 720 ducto
936 677 1094 719 verecun-
1125 664 1143 722 5

109 743 168 808 diu
189 741 431 828 magnitudinis
453 743 523 828 ejus
546 763 711 806 venenum
732 741 904 821 dederunt,
929 739 1017 826 quod
1036 739 1093 804 ille

108 828 228 909 laetus,
250 850 290 892 ac
304 829 332 892 si
347 828 489 908 vicisset,
513 828 654 911 accepit,
676 827 824 913 quaesito
839 828 947 910 prius:
972 847 1014 890 an
1029 823 1093 910 Ly-

108 921 233 996 cortas,
253 911 438 998 praefectus
452 911 679 993 Achaeorum,
701 934 800 998 quem
821 911 1003 978 secundum
1024 933 1041 975 a
1058 932 1093 974 se

110 1021 186 1063 esse
196 998 336 1064 scientia
345 998 394 1062 rei
405 997 557 1062 militaris
570 996 705 1080 sciebat,
717 997 892 1062 incolumis
903 994 1092 1082 effugisset?

109 1083 222 1164 Quem
244 1093 281 1148 nt
301 1084 429 1170 accepit
447 1084 605 1165 evasisse,
629 1106 691 1148 non
714 1091 747 1150 ia
767 1096 860 1148 totam
882 1082 995 1146 dicens
1017 1104 1092 1146 con-

107 1177 222 1234 sultum
237 1177 318 1234 male
328 1175 475 1248 Achaeis,
491 1169 683 1254 exspiravit.
714 1168 900 1252 Necsmulto
911 1175 986 1253 post
1000 1189 1092 1252 repa·

107 1263 182 1320 rato
205 1253 304 1335 bello,
326 1253 483 1320 Messenii
505 1255 694 1334 vincuntur,
717 1275 907 1340 poenasque
930 1251 1093 1316 interfecti

105 1339 378 1426 Philopoemenis
392 1338 631 1424 pependerunt.
961 1389 963 1396 ,

174 1425 306 1512 Interea
320 1425 355 1488 in
370 1423 469 1510 Syria
488 1447 548 1488 rex
560 1425 761 1506 Antiochus,
783 1446 885 1510 quum
902 1443 922 1486 a
935 1420 1092 1486 Romanis
1123 1431 1142 1488 6

107 1511 219 1574 victus
241 1511 337 1594 gravi
357 1510 480 1574 tributo
492 1511 594 1596 'pacis
614 1519 769 1574 oneratus
791 1517 885 1589 esset,
906 1529 964 1573 seu
979 1507 1093 1592 inopia

107 1596 274 1680 pecuniae
300 1595 508 1682 compulsus,
534 1617 593 1659 scu
619 1596 758 1659 avaritia
783 1593 986 1673 sollicitatus,
1014 1593 1093 1678 quia

105 1680 280 1766 sperabat,
304 1703 340 1746 se
361 1680 423 1744 sub
445 1681 554 1766 specie
568 1680 761 1744 tributariae
775 1679 978 1744 necessitatis
994 1697 1092 1742 excu-

105 1767 213 1830 satius
221 1765 663 1851 sacrilcgiacommissurum,
672 1761 980 1850 noctatcmplumEl
1005 1763 1092 1826 maci

104 1851 128 1915 J
131 1851 206 1916 ovis
220 1851 421 1936 aggreditur.
453 1851 577 1932 Quare
592 1850 724 1936 prodita
733 1871 895 1919 concursu
905 1785 1090 1912 incolarum

106 1957 187 2000 cum
202 1937 292 2000 omni
307 1936 426 2002 militia
439 1935 645 2001 interficitur.

171 2139 176 2150 ·
536 2107 612 2158 cAP.
630 2108 668 2160 11.

104 2191 283 2250 Itemetriss
299 2205 357 2261 per
372 2191 482 2251 nanis
499 2190 848 2316 insidiabiitffimm
866 2189 936 2246 inde
954 2190 1092 2261 Phlllppi

474 2273 547 2328 reg
594 2273 644 2315 or
679 2273 705 2315 s.

173 2362 309 2444 Romae,
333 2383 436 2448 quum
456 2362 580 2428 multae
596 2362 758 2427 Graeciae
773 2361 921 2426 civitates
938 2370 1090 2448 questum
1123 2371 1141 2429 7

107 2447 151 2511 de
169 2448 301 2536 injuriis
316 2447 474 2532 Philippi,
496 2449 583 2533 regis
598 2447 834 2528 Macedonum,
858 2447 1036 2528 uenissent,
1057 2457 1092 2512 et

108 2533 304 2619 disceptatio
316 2534 353 2598 in
362 2542 481 2598 senatu
491 2533 801 2613 interDemstrium,
813 2531 962 2616 Philippi
973 2531 1089 2613 lilium,

109 2640 210 2704 quem
231 2627 327 2704 pater
346 2617 388 2682 ad
403 2618 672 2696 satisfaciendum
688 2617 817 2682 senatui
832 2618 976 2698 miserat,
1000 2625 1033 2682 et
1047 2617 1089 2680 le·

108 2713 203 2788 gatos
233 2705 416 2768 civitatium
445 2713 546 2768 esset:
576 2703 675 2768 turba
702 2703 911 2788 querelarum
935 2703 1090 2767 confusus

108 2787 302 2854 adolescens
313 2796 448 2876 repente
460 2788 607 2855 obticuit.
638 2789 733 2852 Tunc
746 2787 1090 2854 senatusverecundia
1121 2797 1140 2854 8

107 2874 181 2960 ejus
200 2883 324 2955 motus,
348 2895 433 2961 quae
454 2873 593 2958 probata
615 2875 712 2940 etiam
735 2883 845 2954 antea,
891 2896 970 2937 uum
995 2873 1089 2938 obses

107 2959 239 3024 Romae.
256 2967 357 3040 esset,
380 2959 535 3024 omnibus
556 2961 680 3040 fuerat,
710 2960 875 3024 causam'
905 2961 917 3022 i
940 2957 1089 3042 donavit,

107 3056 207 3132 atque
230 3046 277 3109 ita
296 3044 459 3109 modestia
478 3067 538 3109 sua
550 3045 742 3110 Demetrius
757 3046 888 3110 veniam
903 3045 1000 3130 patri,
1022 3065 1089 3108 non

106 3132 180 3214 jure
193 3130 403 3212 defensionis,
415 3130 473 3194 sed
484 3131 666 3216 patrocinio
678 3129 815 3217 pudoris
828 3129 984 3212 obtinuit,
1001 3128 1090 3215 quod

105 3217 217 3302 ipsum
237 3215 368 3283 decreto
388 3225 520 3280 senatus
536 3215 757 3302 significatum
774 3225 831 3297 est,
855 3225 893 3280 ut
906 3223 1089 3302 appareret,

106 3323 175 3366 non
197 3309 265 3365 tam
289 3300 478 3365 absolutum
498 3323 707 3386 esseregem,
731 3323 830 3388 quam
847 3300 1004 3365 donatum
1019 3298 1088 3364 filio

107 3395 246 3470 patrem.
290 3385 384 3466 Quae
406 3409 458 3452 res
472 3387 643 3452 Demetrio
663 3409 731 3452 non
746 3387 886 3474 gratiam
903 3385 1087 3472 legationis,
1120 3397 1138 3452 9

107 3471 168 3536 sed
187 3471 301 3536 odium
324 3471 570 3537 obtrectationis
593 3473 805 3558 comparavit.
849 3471 934 3536 Nam
952 3479 984 3536 et
998 3470 1088 3556 apud

106 3557 241 3622 fratrem
256 3555 413 3622 Perseum
429 3558 605 3622 aemulatio
621 3557 672 3622 illi
686 3557 846 3622 invidiam
862 3559 1036 3640 contraxit,
1057 3565 1089 3620 et
