<?xml version="1.0" encoding="UTF-8"?>
<!DOCTYPE html PUBLIC "-//W3C//DTD XHTML 1.0 Transitional//EN"
    "http://www.w3.org/TR/xhtml1/DTD/xhtml1-transitional.dtd">
<html xmlns="http://www.w3.org/1999/xhtml" xml:lang="en" lang="en">
 <head>
  <title>
</title>
<meta http-equiv="Content-Type" content="text/html;charset=utf-8" />
  <meta name='ocr-system' content='tesseract 3.04.00' />
  <meta name='ocr-capabilities' content='ocr_page ocr_carea ocr_par ocr_line ocrx_word'/>
</head>
<body>
  <div class='ocr_page' id='page_1' title='image "./historiarumlibr00eitngoog_0205.png"; bbox 0 0 2678 4246; ppageno 0'>
   <div class='ocr_carea' id='block_1_1' title="bbox 254 329 943 393">
    <p class='ocr_par' dir='ltr' id='par_1_1' title="bbox 254 329 943 393">
     <span class='ocr_line' id='line_1_1' title="bbox 254 329 943 393; baseline -0.001 -8"><span class='ocrx_word' id='word_1_1' title='bbox 254 329 293 393; x_wconf 70' lang='grc'><strong>02</strong></span> <span class='ocrx_word' id='word_1_2' title='bbox 539 329 679 385; x_wconf 73' lang='lat' dir='ltr'><strong>Jusunu</strong></span> <span class='ocrx_word' id='word_1_3' title='bbox 696 329 943 384; x_wconf 76' lang='lat' dir='ltr'><strong>msuomsuuu</strong></span> 
     </span>
    </p>
   </div>
   <div class='ocr_carea' id='block_1_2' title="bbox 223 479 1241 1247">
    <p class='ocr_par' dir='ltr' id='par_1_2' title="bbox 223 479 1241 1247">
     <span class='ocr_line' id='line_1_2' title="bbox 254 479 1239 570; baseline -0.003 -22"><span class='ocrx_word' id='word_1_4' title='bbox 254 483 388 570; x_wconf 73' lang='lat' dir='ltr'><strong>copiam</strong></span> <span class='ocrx_word' id='word_1_5' title='bbox 396 481 587 548; x_wconf 80' lang='lat' dir='ltr'><strong>italicorum</strong></span> <span class='ocrx_word' id='word_1_6' title='bbox 607 482 812 566; x_wconf 87' lang='lat' dir='ltr'><strong>captivorum</strong></span> <span class='ocrx_word' id='word_1_7' title='bbox 827 502 984 546; x_wconf 83' lang='lat' dir='ltr'><strong>numerus</strong></span> <span class='ocrx_word' id='word_1_8' title='bbox 999 479 1156 568; x_wconf 86' lang='lat' dir='ltr'><strong>augebat,</strong></span> <span class='ocrx_word' id='word_1_9' title='bbox 1180 503 1239 546; x_wconf 82' lang='lat' dir='ltr'><strong>na·</strong></span> 
     </span>
     <span class='ocr_line' id='line_1_3' title="bbox 253 565 1238 652; baseline 0.002 -22"><span class='ocrx_word' id='word_1_10' title='bbox 253 587 328 632; x_wconf 86' lang='lat' dir='ltr'><strong>vem</strong></span> <span class='ocrx_word' id='word_1_11' title='bbox 359 567 552 632; x_wconf 76' lang='lat' dir='ltr'><strong>conscendit</strong></span> <span class='ocrx_word' id='word_1_12' title='bbox 579 587 779 652; x_wconf 74' lang='lat' dir='ltr'>cursumque</span> <span class='ocrx_word' id='word_1_13' title='bbox 808 566 850 631; x_wconf 93' lang='lat' dir='ltr'><strong>ad</strong></span> <span class='ocrx_word' id='word_1_14' title='bbox 875 566 1078 632; x_wconf 83' lang='lat' dir='ltr'><strong>Antiochum</strong></span> <span class='ocrx_word' id='word_1_15' title='bbox 1108 565 1238 652; x_wconf 80' lang='lat' dir='ltr'><strong>dirigit</strong></span> 
     </span>
     <span class='ocr_line' id='line_1_4' title="bbox 223 651 1240 738; baseline -0.006 -17"><span class='ocrx_word' id='word_1_16' title='bbox 223 651 389 721; x_wconf 85' lang='lat' dir='ltr'><strong>8Postera</strong></span> <span class='ocrx_word' id='word_1_17' title='bbox 411 653 464 717; x_wconf 90' lang='lat' dir='ltr'><strong>die</strong></span> <span class='ocrx_word' id='word_1_18' title='bbox 487 652 603 716; x_wconf 88' lang='lat' dir='ltr'><strong>civitas</strong></span> <span class='ocrx_word' id='word_1_19' title='bbox 618 652 801 736; x_wconf 85' lang='lat' dir='ltr'><strong>prinoipem</strong></span> <span class='ocrx_word' id='word_1_20' title='bbox 817 671 915 715; x_wconf 87' lang='lat' dir='ltr'><strong>suum</strong></span> <span class='ocrx_word' id='word_1_21' title='bbox 930 673 969 717; x_wconf 88' lang='lat' dir='ltr'><strong>ac</strong></span> <span class='ocrx_word' id='word_1_22' title='bbox 987 659 1059 714; x_wconf 88' lang='lat' dir='ltr'><strong>tum</strong></span> <span class='ocrx_word' id='word_1_23' title='bbox 1073 653 1240 738; x_wconf 86' lang='lat' dir='ltr'><strong>temporis</strong></span> 
     </span>
     <span class='ocr_line' id='line_1_5' title="bbox 253 736 1239 824; baseline -0.002 -22"><span class='ocrx_word' id='word_1_24' title='bbox 253 738 422 802; x_wconf 86' lang='lat' dir='ltr'><strong>consulem</strong></span> <span class='ocrx_word' id='word_1_25' title='bbox 453 738 488 801; x_wconf 90' lang='lat' dir='ltr'><strong>in</strong></span> <span class='ocrx_word' id='word_1_26' title='bbox 518 736 588 801; x_wconf 80' lang='lat' dir='ltr'><strong>foro</strong></span> <span class='ocrx_word' id='word_1_27' title='bbox 616 736 836 824; x_wconf 75' lang='lat' dir='ltr'><strong>exspectabat.</strong></span> <span class='ocrx_word' id='word_1_28' title='bbox 862 737 927 802; x_wconf 67' lang='lat' dir='ltr'><strong>‘Ut</strong></span> <span class='ocrx_word' id='word_1_29' title='bbox 952 737 1151 801; x_wconf 88' lang='lat' dir='ltr'><strong>nunciatum</strong></span> <span class='ocrx_word' id='word_1_30' title='bbox 1177 746 1239 816; x_wconf 86' lang='lat' dir='ltr'><strong>est,</strong></span> 
     </span>
     <span class='ocr_line' id='line_1_6' title="bbox 254 820 1241 908; baseline -0.002 -20"><span class='ocrx_word' id='word_1_31' title='bbox 254 845 321 888; x_wconf 84' lang='lat' dir='ltr'><strong>eum</strong></span> <span class='ocrx_word' id='word_1_32' title='bbox 337 829 518 902; x_wconf 77' lang='lat' dir='ltr'><strong>profectum</strong></span> <span class='ocrx_word' id='word_1_33' title='bbox 541 844 618 900; x_wconf 82' lang='lat' dir='ltr'><strong>esse,</strong></span> <span class='ocrx_word' id='word_1_34' title='bbox 641 843 709 885; x_wconf 91' lang='lat' dir='ltr'><strong>non</strong></span> <span class='ocrx_word' id='word_1_35' title='bbox 732 820 835 902; x_wconf 87' lang='lat' dir='ltr'><strong>aliter,</strong></span> <span class='ocrx_word' id='word_1_36' title='bbox 859 843 958 908; x_wconf 88' lang='lat' dir='ltr'><strong>quam</strong></span> <span class='ocrx_word' id='word_1_37' title='bbox 981 824 1010 886; x_wconf 85' lang='lat' dir='ltr'><strong>si</strong></span> <span class='ocrx_word' id='word_1_38' title='bbox 1031 821 1113 886; x_wconf 86' lang='lat' dir='ltr'><strong>urbs</strong></span> <span class='ocrx_word' id='word_1_39' title='bbox 1136 830 1241 908; x_wconf 84' lang='lat' dir='ltr'><strong>capta</strong></span> 
     </span>
     <span class='ocr_line' id='line_1_7' title="bbox 253 905 1240 993; baseline -0.002 -21"><span class='ocrx_word' id='word_1_40' title='bbox 253 915 354 988; x_wconf 83' lang='lat' dir='ltr'><strong>esset,</strong></span> <span class='ocrx_word' id='word_1_41' title='bbox 383 928 497 971; x_wconf 87' lang='lat' dir='ltr'><strong>omnes</strong></span> <span class='ocrx_word' id='word_1_42' title='bbox 519 906 745 990; x_wconf 83' lang='lat' dir='ltr'><strong>trepidavere,</strong></span> <span class='ocrx_word' id='word_1_43' title='bbox 772 907 1011 993; x_wconf 82' lang='lat' dir='ltr'><strong>exitiosamquc</strong></span> <span class='ocrx_word' id='word_1_44' title='bbox 1026 906 1097 990; x_wconf 85' lang='lat' dir='ltr'><strong>sibi</strong></span> <span class='ocrx_word' id='word_1_45' title='bbox 1119 905 1240 992; x_wconf 83' lang='lat' dir='ltr'><strong>sugam</strong></span> 
     </span>
     <span class='ocr_line' id='line_1_8' title="bbox 254 991 1240 1078; baseline -0.001 -22"><span class='ocrx_word' id='word_1_46' title='bbox 254 993 324 1078; x_wconf 87' lang='lat' dir='ltr'><strong>ejus</strong></span> <span class='ocrx_word' id='word_1_47' title='bbox 353 991 490 1056; x_wconf 87' lang='lat' dir='ltr'><strong>ominati</strong></span> <span class='ocrx_word' id='word_1_48' title='bbox 519 1001 605 1056; x_wconf 89' lang='lat' dir='ltr'><strong>sunt.</strong></span> <span class='ocrx_word' id='word_1_49' title='bbox 648 991 794 1076; x_wconf 81' lang='lat' dir='ltr'><strong>Legatos</strong></span> <span class='ocrx_word' id='word_1_50' title='bbox 820 1013 899 1056; x_wconf 82' lang='lat' dir='ltr'><strong>vero</strong></span> <span class='ocrx_word' id='word_1_51' title='bbox 921 991 1106 1073; x_wconf 86' lang='lat' dir='ltr'><strong>Romanus,</strong></span> <span class='ocrx_word' id='word_1_52' title='bbox 1138 991 1240 1076; x_wconf 83' lang='lat' dir='ltr'><strong>quasi</strong></span> 
     </span>
     <span class='ocr_line' id='line_1_9' title="bbox 252 1075 1239 1163; baseline 0 -23"><span class='ocrx_word' id='word_1_53' title='bbox 252 1075 378 1140; x_wconf 90' lang='lat' dir='ltr'><strong>bellum</strong></span> <span class='ocrx_word' id='word_1_54' title='bbox 388 1077 461 1163; x_wconf 87' lang='lat' dir='ltr'><strong>jam</strong></span> <span class='ocrx_word' id='word_1_55' title='bbox 475 1075 603 1140; x_wconf 90' lang='lat' dir='ltr'><strong>illatum</strong></span> <span class='ocrx_word' id='word_1_56' title='bbox 618 1075 735 1142; x_wconf 87' lang='lat' dir='ltr'><strong>Italiae</strong></span> <span class='ocrx_word' id='word_1_57' title='bbox 746 1075 787 1140; x_wconf 90' lang='lat' dir='ltr'><strong>ab</strong></span> <span class='ocrx_word' id='word_1_58' title='bbox 799 1075 989 1141; x_wconf 81' lang='lat' dir='ltr'><strong>Hannibale</strong></span> <span class='ocrx_word' id='word_1_59' title='bbox 1001 1085 1096 1158; x_wconf 82' lang='lat' dir='ltr'><strong>esset,</strong></span> <span class='ocrx_word' id='word_1_60' title='bbox 1113 1076 1239 1140; x_wconf 84' lang='lat' dir='ltr'><strong>tacitus</strong></span> 
     </span>
     <span class='ocr_line' id='line_1_10' title="bbox 252 1160 1136 1247; baseline -0.005 -19"><span class='ocrx_word' id='word_1_61' title='bbox 252 1161 391 1228; x_wconf 89' lang='lat' dir='ltr'><strong>Romam</strong></span> <span class='ocrx_word' id='word_1_62' title='bbox 406 1160 592 1246; x_wconf 83' lang='lat' dir='ltr'><strong>regreditur</strong></span> <span class='ocrx_word' id='word_1_63' title='bbox 605 1160 838 1247; x_wconf 86' lang='lat' dir='ltr'><strong>trepidumque</strong></span> <span class='ocrx_word' id='word_1_64' title='bbox 852 1163 1010 1226; x_wconf 89' lang='lat' dir='ltr'><strong>nuncium</strong></span> <span class='ocrx_word' id='word_1_65' title='bbox 1026 1161 1136 1225; x_wconf 82' lang='lat' dir='ltr'><strong>refert</strong></span> 
     </span>
    </p>
   </div>
   <div class='ocr_carea' id='block_1_3' title="bbox 670 1331 1024 1386">
    <p class='ocr_par' dir='ltr' id='par_1_3' title="bbox 670 1331 1024 1386">
     <span class='ocr_line' id='line_1_11' title="bbox 670 1331 1024 1386; baseline 0.006 -2"><span class='ocrx_word' id='word_1_66' title='bbox 670 1331 746 1384; x_wconf 79' lang='lat' dir='ltr'><strong>csP.</strong></span> <span class='ocrx_word' id='word_1_67' title='bbox 763 1333 814 1386; x_wconf 90' lang='lat'>111.</span> <span class='ocrx_word' id='word_1_68' title='bbox 924 1333 926 1338; x_wconf 85' lang='lat'>&#39;</span> <span class='ocrx_word' id='word_1_69' title='bbox 1015 1347 1024 1354; x_wconf 82' lang='lat'><em>·</em></span> 
     </span>
    </p>
   </div>
   <div class='ocr_carea' id='block_1_4' title="bbox 252 1401 1268 1555">
    <p class='ocr_par' dir='ltr' id='par_1_4' title="bbox 252 1401 1268 1555">
     <span class='ocr_line' id='line_1_12' title="bbox 252 1401 1238 1480; baseline 0.002 -9"><span class='ocrx_word' id='word_1_70' title='bbox 252 1411 438 1474; x_wconf 80' lang='lat' dir='ltr'><strong>Achaeorum</strong></span> <span class='ocrx_word' id='word_1_71' title='bbox 444 1414 559 1474; x_wconf 83' lang='lat' dir='ltr'><strong>bollum</strong></span> <span class='ocrx_word' id='word_1_72' title='bbox 567 1401 711 1472; x_wconf 68' lang='lat' dir='ltr'><strong>adsensus</strong></span> <span class='ocrx_word' id='word_1_73' title='bbox 721 1415 876 1473; x_wconf 76' lang='lat' dir='ltr'><strong>Nabidem.</strong></span> <span class='ocrx_word' id='word_1_74' title='bbox 892 1414 1045 1480; x_wconf 72' lang='lat' dir='ltr'><strong>Hannibal</strong></span> <span class='ocrx_word' id='word_1_75' title='bbox 1053 1409 1238 1472; x_wconf 69' lang='lat' dir='ltr'><strong>Antiochu</strong></span> 
     </span>
     <span class='ocr_line' id='line_1_13' title="bbox 354 1483 1268 1555; baseline 0.008 -17"><span class='ocrx_word' id='word_1_76' title='bbox 354 1515 368 1538; x_wconf 53' lang='grc' dir='ltr'><strong>,ι</strong></span> <span class='ocrx_word' id='word_1_77' title='bbox 445 1483 485 1540; x_wconf 84' lang='lat' dir='ltr'><strong>ad</strong></span> <span class='ocrx_word' id='word_1_78' title='bbox 501 1483 614 1540; x_wconf 86' lang='lat' dir='ltr'><strong>bellum</strong></span> <span class='ocrx_word' id='word_1_79' title='bbox 631 1485 739 1555; x_wconf 70' lang='lat' dir='ltr'><strong>contra</strong></span> <span class='ocrx_word' id='word_1_80' title='bbox 754 1485 903 1540; x_wconf 72' lang='lat' dir='ltr'><strong>Bonnam</strong></span> <span class='ocrx_word' id='word_1_81' title='bbox 918 1483 1037 1542; x_wconf 70' lang='lat' dir='ltr'><strong>nuut,</strong></span> <span class='ocrx_word' id='word_1_82' title='bbox 1117 1529 1118 1534; x_wconf 31' lang='lat'>1</span> <span class='ocrx_word' id='word_1_83' title='bbox 1263 1534 1268 1545; x_wconf 80' lang='grc'><em>,</em></span> 
     </span>
    </p>
   </div>
   <div class='ocr_carea' id='block_1_5' title="bbox 224 1585 1234 1736">
    <p class='ocr_par' dir='ltr' id='par_1_5' title="bbox 224 1585 1234 1736">
     <span class='ocr_line' id='line_1_14' title="bbox 224 1585 1234 1735; baseline 0 -85"><span class='ocrx_word' id='word_1_84' title='bbox 224 1597 242 1656; x_wconf 87' lang='grc'><strong>9</strong></span> <span class='ocrx_word' id='word_1_85' title='bbox 310 1586 452 1650; x_wconf 76' lang='lat' dir='ltr'><strong>&#39;Interim</strong></span> <span class='ocrx_word' id='word_1_86' title='bbox 474 1589 511 1651; x_wconf 93' lang='lat' dir='ltr'><strong>in</strong></span> <span class='ocrx_word' id='word_1_87' title='bbox 532 1585 673 1660; x_wconf 78' lang='lat' dir='ltr'><strong>Graecia</strong></span> <span class='ocrx_word' id='word_1_88' title='bbox 687 1585 907 1667; x_wconf 75' lang='lat' dir='ltr'><strong>Flamininus,</strong></span> <span class='ocrx_word' id='word_1_89' title='bbox 922 1588 1041 1673; x_wconf 86' lang='lat' dir='ltr'><strong>juncta</strong></span> <span class='ocrx_word' id='word_1_90' title='bbox 1061 1607 1140 1650; x_wconf 89' lang='lat' dir='ltr'><strong>cum</strong></span> <span class='ocrx_word' id='word_1_91' title='bbox 1155 1587 1234 1735; x_wconf 49' lang='lat' dir='ltr'><strong>‹pui-</strong></span> 
     </span>
     <span class='ocr_line' id='line_1_15' title="bbox 1179 1693 1232 1736; baseline 0.019 -1"><span class='ocrx_word' id='word_1_92' title='bbox 1179 1693 1232 1736; x_wconf 82' lang='lat' dir='ltr'><strong>uo</strong></span> 
     </span>
    </p>
   </div>
   <div class='ocr_carea' id='block_1_6' title="bbox 112 1670 1232 3625">
    <p class='ocr_par' dir='ltr' id='par_1_6' title="bbox 112 1670 1232 2692">
     <span class='ocr_line' id='line_1_16' title="bbox 252 1670 1144 1758; baseline -0.001 -22"><span class='ocrx_word' id='word_1_93' title='bbox 252 1671 393 1736; x_wconf 90' lang='lat' dir='ltr'><strong>busdam</strong></span> <span class='ocrx_word' id='word_1_94' title='bbox 409 1670 597 1738; x_wconf 87' lang='lat' dir='ltr'><strong>civitatibus</strong></span> <span class='ocrx_word' id='word_1_95' title='bbox 608 1674 772 1751; x_wconf 88' lang='lat' dir='ltr'><strong>societate,</strong></span> <span class='ocrx_word' id='word_1_96' title='bbox 787 1671 950 1736; x_wconf 87' lang='lat' dir='ltr'><strong>Nabidem</strong></span> <span class='ocrx_word' id='word_1_97' title='bbox 962 1680 1144 1758; x_wconf 86' lang='lat' dir='ltr'><strong>tyrannum</strong></span> 
     </span>
     <span class='ocr_line' id='line_1_17' title="bbox 112 1755 1231 1842; baseline -0.002 -20"><span class='ocrx_word' id='word_1_98' title='bbox 112 1762 185 1823; x_wconf 75' lang='lat' dir='ltr'><strong>tao.</strong></span> <span class='ocrx_word' id='word_1_99' title='bbox 253 1756 315 1822; x_wconf 86' lang='lat' dir='ltr'><strong>bus</strong></span> <span class='ocrx_word' id='word_1_100' title='bbox 342 1758 508 1824; x_wconf 85' lang='lat' dir='ltr'><strong>continuis</strong></span> <span class='ocrx_word' id='word_1_101' title='bbox 528 1755 662 1841; x_wconf 87' lang='lat' dir='ltr'><strong>proeliis</strong></span> <span class='ocrx_word' id='word_1_102' title='bbox 686 1755 833 1841; x_wconf 80' lang='lat' dir='ltr'><strong>subegit,</strong></span> <span class='ocrx_word' id='word_1_103' title='bbox 859 1765 892 1821; x_wconf 89' lang='lat' dir='ltr'><strong>et</strong></span> <span class='ocrx_word' id='word_1_104' title='bbox 912 1757 1058 1842; x_wconf 84' lang='lat' dir='ltr'><strong>graviter</strong></span> <span class='ocrx_word' id='word_1_105' title='bbox 1079 1756 1231 1837; x_wconf 84' lang='lat' dir='ltr'><strong>fractum,</strong></span> 
     </span>
     <span class='ocr_line' id='line_1_18' title="bbox 202 1839 1232 1928; baseline -0.001 -20"><span class='ocrx_word' id='word_1_106' title='bbox 202 1841 345 1908; x_wconf 87' lang='lat' dir='ltr'><strong>lovelut</strong></span> <span class='ocrx_word' id='word_1_107' title='bbox 371 1863 590 1928; x_wconf 84' lang='lat' dir='ltr'><strong>exsanguem,</strong></span> <span class='ocrx_word' id='word_1_108' title='bbox 617 1843 652 1905; x_wconf 92' lang='lat' dir='ltr'><strong>in</strong></span> <span class='ocrx_word' id='word_1_109' title='bbox 678 1863 782 1926; x_wconf 84' lang='lat' dir='ltr'><strong>regno</strong></span> <span class='ocrx_word' id='word_1_110' title='bbox 805 1841 949 1928; x_wconf 87' lang='lat' dir='ltr'><strong>reliquit.</strong></span> <span class='ocrx_word' id='word_1_111' title='bbox 992 1841 1059 1922; x_wconf 84' lang='lat' dir='ltr'><strong>Sed</strong></span> <span class='ocrx_word' id='word_1_112' title='bbox 1080 1839 1232 1906; x_wconf 79' lang='lat' dir='ltr'><strong>libertate</strong></span> 
     </span>
     <span class='ocr_line' id='line_1_19' title="bbox 252 1925 1230 2013; baseline -0.002 -21"><span class='ocrx_word' id='word_1_113' title='bbox 252 1927 414 1992; x_wconf 80' lang='lat' dir='ltr'><strong>Graeciae</strong></span> <span class='ocrx_word' id='word_1_114' title='bbox 428 1929 588 2008; x_wconf 88' lang='lat' dir='ltr'><strong>restituta,</strong></span> <span class='ocrx_word' id='word_1_115' title='bbox 604 1925 821 2013; x_wconf 87' lang='lat' dir='ltr'><strong>deductisque</strong></span> <span class='ocrx_word' id='word_1_116' title='bbox 837 1926 878 1990; x_wconf 92' lang='lat' dir='ltr'><strong>ab</strong></span> <span class='ocrx_word' id='word_1_117' title='bbox 894 1925 1033 1991; x_wconf 89' lang='lat' dir='ltr'><strong>urbibus</strong></span> <span class='ocrx_word' id='word_1_118' title='bbox 1047 1926 1230 2013; x_wconf 84' lang='lat' dir='ltr'><strong>praesidiis,</strong></span> 
     </span>
     <span class='ocr_line' id='line_1_20' title="bbox 253 2011 1229 2098; baseline 0.001 -24"><span class='ocrx_word' id='word_1_119' title='bbox 253 2033 354 2098; x_wconf 91' lang='lat' dir='ltr'><strong>quum</strong></span> <span class='ocrx_word' id='word_1_120' title='bbox 370 2012 538 2078; x_wconf 89' lang='lat' dir='ltr'><strong>Romanus</strong></span> <span class='ocrx_word' id='word_1_121' title='bbox 560 2012 723 2076; x_wconf 87' lang='lat' dir='ltr'><strong>exercitus</strong></span> <span class='ocrx_word' id='word_1_122' title='bbox 737 2012 772 2075; x_wconf 91' lang='lat' dir='ltr'><strong>in</strong></span> <span class='ocrx_word' id='word_1_123' title='bbox 789 2011 918 2076; x_wconf 83' lang='lat' dir='ltr'><strong>Italiam</strong></span> <span class='ocrx_word' id='word_1_124' title='bbox 934 2021 1120 2098; x_wconf 88' lang='lat' dir='ltr'><strong>reportatus</strong></span> <span class='ocrx_word' id='word_1_125' title='bbox 1135 2022 1229 2094; x_wconf 87' lang='lat' dir='ltr'><strong>esset,</strong></span> 
     </span>
     <span class='ocr_line' id='line_1_21' title="bbox 251 2095 1230 2179; baseline 0 -19"><span class='ocrx_word' id='word_1_126' title='bbox 251 2095 344 2160; x_wconf 86' lang='lat' dir='ltr'><strong>velut</strong></span> <span class='ocrx_word' id='word_1_127' title='bbox 368 2118 476 2162; x_wconf 88' lang='lat' dir='ltr'><strong>vacua</strong></span> <span class='ocrx_word' id='word_1_128' title='bbox 499 2118 613 2162; x_wconf 88' lang='lat' dir='ltr'><strong>rursus</strong></span> <span class='ocrx_word' id='word_1_129' title='bbox 639 2097 844 2179; x_wconf 84' lang='lat' dir='ltr'><strong>possessione</strong></span> <span class='ocrx_word' id='word_1_130' title='bbox 870 2095 1078 2178; x_wconf 83' lang='lat' dir='ltr'><strong>sollicitatus,</strong></span> <span class='ocrx_word' id='word_1_131' title='bbox 1108 2095 1230 2161; x_wconf 87' lang='lat' dir='ltr'><strong>multas</strong></span> 
     </span>
     <span class='ocr_line' id='line_1_22' title="bbox 252 2178 1229 2267; baseline 0 -21"><span class='ocrx_word' id='word_1_132' title='bbox 252 2181 408 2246; x_wconf 80' lang='lat' dir='ltr'><strong>civitates.</strong></span> <span class='ocrx_word' id='word_1_133' title='bbox 426 2182 599 2267; x_wconf 80' lang='lat' dir='ltr'><strong>repentino</strong></span> <span class='ocrx_word' id='word_1_134' title='bbox 619 2179 707 2245; x_wconf 92' lang='lat' dir='ltr'><strong>bello</strong></span> <span class='ocrx_word' id='word_1_135' title='bbox 729 2182 860 2246; x_wconf 87' lang='lat' dir='ltr'><strong>invasit.</strong></span> <span class='ocrx_word' id='word_1_136' title='bbox 905 2180 1034 2262; x_wconf 78' lang='lat' dir='ltr'><strong>Quibus</strong></span> <span class='ocrx_word' id='word_1_137' title='bbox 1055 2178 1156 2246; x_wconf 84' lang='lat' dir='ltr'><strong>rebus</strong></span> <span class='ocrx_word' id='word_1_138' title='bbox 1178 2203 1229 2246; x_wconf 86' lang='lat' dir='ltr'><strong>ex-</strong></span> 
     </span>
     <span class='ocr_line' id='line_1_23' title="bbox 251 2263 1228 2354; baseline 0 -24"><span class='ocrx_word' id='word_1_139' title='bbox 251 2265 357 2330; x_wconf 84' lang='lat' dir='ltr'><strong>territi</strong></span> <span class='ocrx_word' id='word_1_140' title='bbox 371 2263 507 2349; x_wconf 84' lang='lat' dir='ltr'><strong>Achaei,</strong></span> <span class='ocrx_word' id='word_1_141' title='bbox 534 2289 577 2332; x_wconf 89' lang='lat' dir='ltr'><strong>ne</strong></span> <span class='ocrx_word' id='word_1_142' title='bbox 598 2267 744 2330; x_wconf 83' lang='lat' dir='ltr'><strong>vicinum</strong></span> <span class='ocrx_word' id='word_1_143' title='bbox 759 2267 885 2330; x_wconf 90' lang='lat' dir='ltr'><strong>malum</strong></span> <span class='ocrx_word' id='word_1_144' title='bbox 901 2266 999 2331; x_wconf 90' lang='lat' dir='ltr'><strong>etiam</strong></span> <span class='ocrx_word' id='word_1_145' title='bbox 1016 2265 1108 2330; x_wconf 90' lang='lat' dir='ltr'><strong>adse</strong></span> <span class='ocrx_word' id='word_1_146' title='bbox 1124 2287 1228 2354; x_wconf 75' lang='lat' dir='ltr'><strong>serpe·</strong></span> 
     </span>
     <span class='ocr_line' id='line_1_24' title="bbox 251 2349 1228 2452; baseline 0 -37"><span class='ocrx_word' id='word_1_147' title='bbox 251 2358 312 2433; x_wconf 89' lang='lat' dir='ltr'><strong>ret,</strong></span> <span class='ocrx_word' id='word_1_148' title='bbox 335 2349 459 2418; x_wconf 88' lang='lat' dir='ltr'><strong>ballum</strong></span> <span class='ocrx_word' id='word_1_149' title='bbox 481 2351 639 2416; x_wconf 84' lang='lat' dir='ltr'><strong>adversus</strong></span> <span class='ocrx_word' id='word_1_150' title='bbox 653 2351 817 2416; x_wconf 89' lang='lat' dir='ltr'><strong>Nabidem</strong></span> <span class='ocrx_word' id='word_1_151' title='bbox 833 2351 1024 2432; x_wconf 87' lang='lat' dir='ltr'><strong>decernunt,</strong></span> <span class='ocrx_word' id='word_1_152' title='bbox 1046 2350 1228 2452; x_wconf 78' lang='lat' dir='ltr'><strong>ducemque</strong></span> 
     </span>
     <span class='ocr_line' id='line_1_25' title="bbox 252 2435 1227 2523; baseline 0 -23"><span class='ocrx_word' id='word_1_153' title='bbox 252 2444 435 2523; x_wconf 78' lang='lat' dir='ltr'><strong>praetorem</strong></span> <span class='ocrx_word' id='word_1_154' title='bbox 458 2459 555 2502; x_wconf 87' lang='lat' dir='ltr'><strong>suum</strong></span> <span class='ocrx_word' id='word_1_155' title='bbox 570 2435 871 2523; x_wconf 86' lang='lat' dir='ltr'><strong>Philopoemenem,</strong></span> <span class='ocrx_word' id='word_1_156' title='bbox 892 2437 1037 2520; x_wconf 82' lang='lat' dir='ltr'><strong>insignis</strong></span> <span class='ocrx_word' id='word_1_157' title='bbox 1047 2436 1227 2501; x_wconf 82' lang='lat' dir='ltr'><strong>industnae</strong></span> 
     </span>
     <span class='ocr_line' id='line_1_26' title="bbox 255 2520 1227 2622; baseline 0 -36"><span class='ocrx_word' id='word_1_158' title='bbox 255 2523 374 2604; x_wconf 89' lang='lat' dir='ltr'><strong>virum,</strong></span> <span class='ocrx_word' id='word_1_159' title='bbox 390 2522 604 2604; x_wconf 88' lang='lat' dir='ltr'><strong>constituunt,</strong></span> <span class='ocrx_word' id='word_1_160' title='bbox 621 2524 716 2622; x_wconf 81' lang='lat' dir='ltr'><strong>cujus</strong></span> <span class='ocrx_word' id='word_1_161' title='bbox 730 2523 765 2586; x_wconf 91' lang='lat' dir='ltr'><strong>in</strong></span> <span class='ocrx_word' id='word_1_162' title='bbox 780 2543 818 2586; x_wconf 92' lang='lat' dir='ltr'><strong>eo</strong></span> <span class='ocrx_word' id='word_1_163' title='bbox 833 2520 922 2586; x_wconf 92' lang='lat' dir='ltr'><strong>bello</strong></span> <span class='ocrx_word' id='word_1_164' title='bbox 937 2530 1031 2586; x_wconf 89' lang='lat' dir='ltr'><strong>tanta</strong></span> <span class='ocrx_word' id='word_1_165' title='bbox 1043 2522 1151 2586; x_wconf 84' lang='lat' dir='ltr'><strong>virtus</strong></span> <span class='ocrx_word' id='word_1_166' title='bbox 1166 2522 1227 2586; x_wconf 84' lang='lat' dir='ltr'><strong>eni·</strong></span> 
     </span>
     <span class='ocr_line' id='line_1_27' title="bbox 250 2605 1229 2692; baseline -0.002 -20"><span class='ocrx_word' id='word_1_167' title='bbox 250 2610 323 2688; x_wconf 87' lang='lat' dir='ltr'><strong>tuit,</strong></span> <span class='ocrx_word' id='word_1_168' title='bbox 346 2615 384 2672; x_wconf 89' lang='lat' dir='ltr'><strong>ut</strong></span> <span class='ocrx_word' id='word_1_169' title='bbox 404 2609 560 2692; x_wconf 89' lang='lat' dir='ltr'><strong>opinione</strong></span> <span class='ocrx_word' id='word_1_170' title='bbox 582 2629 728 2672; x_wconf 90' lang='lat' dir='ltr'><strong>ommum</strong></span> <span class='ocrx_word' id='word_1_171' title='bbox 743 2607 943 2688; x_wconf 83' lang='lat' dir='ltr'><strong>Flaminino,</strong></span> <span class='ocrx_word' id='word_1_172' title='bbox 965 2605 1229 2692; x_wconf 70' lang='lat' dir='ltr'><strong>Romano-impe</strong></span> 
     </span>
    </p>

    <p class='ocr_par' dir='ltr' id='par_1_7' title="bbox 249 2693 632 2778">
     <span class='ocr_line' id='line_1_28' title="bbox 249 2693 632 2778; baseline 0 -22"><span class='ocrx_word' id='word_1_173' title='bbox 249 2693 361 2773; x_wconf 84' lang='lat' dir='ltr'><strong>ratori,</strong></span> <span class='ocrx_word' id='word_1_174' title='bbox 378 2702 632 2778; x_wconf 86' lang='lat' dir='ltr'><strong>compararetur.</strong></span> 
     </span>
    </p>

    <p class='ocr_par' dir='ltr' id='par_1_8' title="bbox 177 2775 1225 3625">
     <span class='ocr_line' id='line_1_29' title="bbox 202 2775 1225 2864; baseline 0 -24"><span class='ocrx_word' id='word_1_175' title='bbox 202 2785 239 2840; x_wconf 92' lang='lat'><strong>11</strong></span> <span class='ocrx_word' id='word_1_176' title='bbox 314 2775 442 2840; x_wconf 84' lang='lat' dir='ltr'><strong>Eodem</strong></span> <span class='ocrx_word' id='word_1_177' title='bbox 463 2787 612 2864; x_wconf 87' lang='lat' dir='ltr'><strong>tempore</strong></span> <span class='ocrx_word' id='word_1_178' title='bbox 632 2775 813 2858; x_wconf 89' lang='lat' dir='ltr'><strong>Hannibal,</strong></span> <span class='ocrx_word' id='word_1_179' title='bbox 836 2798 939 2862; x_wconf 89' lang='lat' dir='ltr'><strong>quum</strong></span> <span class='ocrx_word' id='word_1_180' title='bbox 962 2777 1005 2841; x_wconf 92' lang='lat' dir='ltr'><strong>ad</strong></span> <span class='ocrx_word' id='word_1_181' title='bbox 1026 2775 1225 2841; x_wconf 87' lang='lat' dir='ltr'><strong>Antiochum</strong></span> 
     </span>
     <span class='ocr_line' id='line_1_30' title="bbox 177 2861 1225 2948; baseline 0.002 -24"><span class='ocrx_word' id='word_1_182' title='bbox 177 2937 180 2944; x_wconf 34' lang='grc'>,</span> <span class='ocrx_word' id='word_1_183' title='bbox 251 2863 465 2948; x_wconf 85' lang='lat' dir='ltr'><strong>pervenisset,</strong></span> <span class='ocrx_word' id='word_1_184' title='bbox 477 2863 569 2928; x_wconf 89' lang='lat' dir='ltr'><strong>velut</strong></span> <span class='ocrx_word' id='word_1_185' title='bbox 580 2863 716 2926; x_wconf 86' lang='lat' dir='ltr'><strong>deorum</strong></span> <span class='ocrx_word' id='word_1_186' title='bbox 728 2883 848 2926; x_wconf 86' lang='lat' dir='ltr'><strong>munus</strong></span> <span class='ocrx_word' id='word_1_187' title='bbox 862 2861 1225 2948; x_wconf 74' lang='lat' dir='ltr'><strong>excipituu3tantusque</strong></span> 
     </span>
     <span class='ocr_line' id='line_1_31' title="bbox 253 2946 1224 3035; baseline 0.001 -25"><span class='ocrx_word' id='word_1_188' title='bbox 253 2946 350 3011; x_wconf 92' lang='lat' dir='ltr'><strong>ardor</strong></span> <span class='ocrx_word' id='word_1_189' title='bbox 373 2948 443 3035; x_wconf 88' lang='lat' dir='ltr'><strong>ejus</strong></span> <span class='ocrx_word' id='word_1_190' title='bbox 459 2947 604 3012; x_wconf 82' lang='lat' dir='ltr'><strong>adventu</strong></span> <span class='ocrx_word' id='word_1_191' title='bbox 620 2947 738 3010; x_wconf 88' lang='lat' dir='ltr'><strong>animis</strong></span> <span class='ocrx_word' id='word_1_192' title='bbox 754 2948 842 3030; x_wconf 81' lang='lat' dir='ltr'><strong>regis</strong></span> <span class='ocrx_word' id='word_1_193' title='bbox 859 2947 1005 3029; x_wconf 87' lang='lat' dir='ltr'><strong>accessit,</strong></span> <span class='ocrx_word' id='word_1_194' title='bbox 1027 2955 1146 3011; x_wconf 91' lang='lat' dir='ltr'><strong>utnon</strong></span> <span class='ocrx_word' id='word_1_195' title='bbox 1162 2957 1224 3011; x_wconf 90' lang='lat' dir='ltr'><strong>tam</strong></span> 
     </span>
     <span class='ocr_line' id='line_1_32' title="bbox 202 3031 1224 3118; baseline 0.001 -23"><span class='ocrx_word' id='word_1_196' title='bbox 202 3039 241 3096; x_wconf 81' lang='lat'><strong>12</strong></span> <span class='ocrx_word' id='word_1_197' title='bbox 253 3031 294 3096; x_wconf 90' lang='lat' dir='ltr'><strong>de</strong></span> <span class='ocrx_word' id='word_1_198' title='bbox 314 3032 413 3115; x_wconf 86' lang='lat' dir='ltr'><strong>bello,</strong></span> <span class='ocrx_word' id='word_1_199' title='bbox 438 3049 537 3118; x_wconf 89' lang='lat' dir='ltr'><strong>quam</strong></span> <span class='ocrx_word' id='word_1_200' title='bbox 553 3033 594 3097; x_wconf 88' lang='lat' dir='ltr'><strong>de</strong></span> <span class='ocrx_word' id='word_1_201' title='bbox 608 3033 762 3118; x_wconf 87' lang='lat' dir='ltr'><strong>praemiis</strong></span> <span class='ocrx_word' id='word_1_202' title='bbox 777 3033 934 3097; x_wconf 82' lang='lat' dir='ltr'><strong>victoriae</strong></span> <span class='ocrx_word' id='word_1_203' title='bbox 950 3034 1119 3117; x_wconf 85' lang='lat' dir='ltr'><strong>cogitaret.</strong></span> <span class='ocrx_word' id='word_1_204' title='bbox 1163 3031 1224 3098; x_wconf 82' lang='lat' dir='ltr'><strong>Sed</strong></span> 
     </span>
     <span class='ocr_line' id='line_1_33' title="bbox 251 3117 1222 3202; baseline -0.002 -20"><span class='ocrx_word' id='word_1_205' title='bbox 251 3117 438 3198; x_wconf 84' lang='lat' dir='ltr'><strong>Hannibal,</strong></span> <span class='ocrx_word' id='word_1_206' title='bbox 469 3120 523 3182; x_wconf 90' lang='lat' dir='ltr'><strong>oui</strong></span> <span class='ocrx_word' id='word_1_207' title='bbox 552 3127 631 3182; x_wconf 88' lang='lat' dir='ltr'><strong>nota</strong></span> <span class='ocrx_word' id='word_1_208' title='bbox 652 3117 800 3182; x_wconf 84' lang='lat' dir='ltr'><strong>Romana</strong></span> <span class='ocrx_word' id='word_1_209' title='bbox 827 3117 933 3182; x_wconf 80' lang='lat' dir='ltr'><strong>virtus</strong></span> <span class='ocrx_word' id='word_1_210' title='bbox 961 3127 1045 3199; x_wconf 79' lang='lat' dir='ltr'><strong>erat,</strong></span> <span class='ocrx_word' id='word_1_211' title='bbox 1058 3157 1060 3161; x_wconf 93' lang='lat'><em>-</em></span> <span class='ocrx_word' id='word_1_212' title='bbox 1075 3117 1222 3202; x_wconf 82' lang='lat' dir='ltr'><strong>negabat,</strong></span> 
     </span>
     <span class='ocr_line' id='line_1_34' title="bbox 253 3201 1223 3283; baseline -0.002 -16"><span class='ocrx_word' id='word_1_213' title='bbox 253 3212 388 3283; x_wconf 80' lang='lat' dir='ltr'><strong>opprimi</strong></span> <span class='ocrx_word' id='word_1_214' title='bbox 402 3209 573 3283; x_wconf 80' lang='lat' dir='ltr'><strong>Romanos,</strong></span> <span class='ocrx_word' id='word_1_215' title='bbox 596 3213 660 3268; x_wconf 80' lang='lat' dir='ltr'><strong>uisi</strong></span> <span class='ocrx_word' id='word_1_216' title='bbox 682 3213 714 3268; x_wconf 79' lang='lat' dir='ltr'><strong>in</strong></span> <span class='ocrx_word' id='word_1_217' title='bbox 729 3209 833 3283; x_wconf 81' lang='lat' dir='ltr'><strong>Italia,</strong></span> <span class='ocrx_word' id='word_1_218' title='bbox 850 3225 958 3283; x_wconf 80' lang='lat' dir='ltr'><strong>posse.</strong></span> <span class='ocrx_word' id='word_1_219' title='bbox 1003 3202 1058 3268; x_wconf 89' lang='lat' dir='ltr'><strong>Ad</strong></span> <span class='ocrx_word' id='word_1_220' title='bbox 1079 3202 1143 3266; x_wconf 90' lang='lat' dir='ltr'><strong>hoc</strong></span> <span class='ocrx_word' id='word_1_221' title='bbox 1164 3201 1223 3266; x_wconf 90' lang='lat' dir='ltr'><strong>sibi</strong></span> 
     </span>
     <span class='ocr_line' id='line_1_35' title="bbox 253 3287 1222 3374; baseline -0.002 -22"><span class='ocrx_word' id='word_1_222' title='bbox 253 3298 384 3358; x_wconf 83' lang='lat' dir='ltr'><strong>centum</strong></span> <span class='ocrx_word' id='word_1_223' title='bbox 404 3311 506 3354; x_wconf 86' lang='lat' dir='ltr'><strong>naves</strong></span> <span class='ocrx_word' id='word_1_224' title='bbox 528 3298 560 3353; x_wconf 89' lang='lat' dir='ltr'><strong>et</strong></span> <span class='ocrx_word' id='word_1_225' title='bbox 574 3289 687 3352; x_wconf 89' lang='lat' dir='ltr'><strong>decem</strong></span> <span class='ocrx_word' id='word_1_226' title='bbox 702 3289 808 3352; x_wconf 89' lang='lat' dir='ltr'><strong>millia</strong></span> <span class='ocrx_word' id='word_1_227' title='bbox 821 3287 970 3373; x_wconf 87' lang='lat' dir='ltr'><strong>peditum</strong></span> <span class='ocrx_word' id='word_1_228' title='bbox 986 3295 1019 3352; x_wconf 90' lang='lat' dir='ltr'><strong>et</strong></span> <span class='ocrx_word' id='word_1_229' title='bbox 1033 3287 1125 3350; x_wconf 90' lang='lat' dir='ltr'><strong>milla</strong></span> <span class='ocrx_word' id='word_1_230' title='bbox 1140 3287 1222 3374; x_wconf 88' lang='lat' dir='ltr'><strong>equi-</strong></span> 
     </span>
     <span class='ocr_line' id='line_1_36' title="bbox 252 3373 1221 3462; baseline 0.001 -26"><span class='ocrx_word' id='word_1_231' title='bbox 252 3381 302 3450; x_wconf 85' lang='lat' dir='ltr'><strong>tes</strong></span> <span class='ocrx_word' id='word_1_232' title='bbox 321 3373 487 3459; x_wconf 81' lang='lat' dir='ltr'><strong>posoebat,</strong></span> <span class='ocrx_word' id='word_1_233' title='bbox 509 3375 713 3462; x_wconf 86' lang='lat' dir='ltr'><strong>promittens,</strong></span> <span class='ocrx_word' id='word_1_234' title='bbox 734 3381 797 3439; x_wconf 78' lang='lat' dir='ltr'><strong>leuc</strong></span> <span class='ocrx_word' id='word_1_235' title='bbox 812 3396 905 3438; x_wconf 85' lang='lat' dir='ltr'><strong>manu</strong></span> <span class='ocrx_word' id='word_1_236' title='bbox 920 3381 1148 3439; x_wconf 72' lang='lat' dir='ltr'><strong>concamiare</strong></span> <span class='ocrx_word' id='word_1_237' title='bbox 1164 3379 1221 3438; x_wconf 84' lang='lat' dir='ltr'><strong>bal·</strong></span> 
     </span>
     <span class='ocr_line' id='line_1_37' title="bbox 252 3465 1220 3540; baseline 0 -18"><span class='ocrx_word' id='word_1_238' title='bbox 252 3466 328 3535; x_wconf 84' lang='lat' dir='ltr'><strong>lum,</strong></span> <span class='ocrx_word' id='word_1_239' title='bbox 353 3481 445 3538; x_wconf 84' lang='lat' dir='ltr'><strong>quam</strong></span> <span class='ocrx_word' id='word_1_240' title='bbox 466 3467 614 3540; x_wconf 62' lang='lat' dir='ltr'><strong>cesserit,</strong></span> <span class='ocrx_word' id='word_1_241' title='bbox 637 3465 751 3524; x_wconf 77' lang='lat' dir='ltr'><strong>ltaliae</strong></span> <span class='ocrx_word' id='word_1_242' title='bbox 771 3472 1031 3536; x_wconf 79' lang='lat' dir='ltr'><strong>restauraturum,</strong></span> <span class='ocrx_word' id='word_1_243' title='bbox 1055 3467 1085 3523; x_wconf 76' lang='lat' dir='ltr'><strong>et</strong></span> <span class='ocrx_word' id='word_1_244' title='bbox 1105 3467 1172 3538; x_wconf 71' lang='lat' dir='ltr'><strong>reat</strong></span> <span class='ocrx_word' id='word_1_245' title='bbox 1192 3467 1220 3523; x_wconf 81' lang='lat' dir='ltr'><strong>ia</strong></span> 
     </span>
     <span class='ocr_line' id='line_1_38' title="bbox 251 3549 1222 3625; baseline 0.001 -20"><span class='ocrx_word' id='word_1_246' title='bbox 251 3551 328 3606; x_wconf 79' lang='lat' dir='ltr'><strong>Asia</strong></span> <span class='ocrx_word' id='word_1_247' title='bbox 343 3549 464 3608; x_wconf 77' lang='lat' dir='ltr'><strong>sedenti</strong></span> <span class='ocrx_word' id='word_1_248' title='bbox 476 3552 700 3610; x_wconf 67' lang='lat' dir='ltr'><strong>autoretatem</strong></span> <span class='ocrx_word' id='word_1_249' title='bbox 713 3552 752 3608; x_wconf 81' lang='lat' dir='ltr'><strong>de</strong></span> <span class='ocrx_word' id='word_1_250' title='bbox 763 3549 923 3622; x_wconf 82' lang='lat' dir='ltr'><strong>Romanis,</strong></span> <span class='ocrx_word' id='word_1_251' title='bbox 941 3558 995 3609; x_wconf 78' lang='lat' dir='ltr'><strong>aut</strong></span> <span class='ocrx_word' id='word_1_252' title='bbox 1007 3551 1222 3625; x_wconf 61' lang='lat' dir='ltr'><strong>secunspocis</strong></span> 
     </span>
    </p>
   </div>
   <div class='ocr_carea' id='block_1_7' title="bbox 0 0 1344 4246">
    <p class='ocr_par' dir='ltr' id='par_1_9' title="bbox 0 0 1344 4246">
     <span class='ocr_line' id='line_1_39' title="bbox 0 0 1344 4246; baseline 0 0"><span class='ocrx_word' id='word_1_253' title='bbox 0 0 1344 4246; x_wconf 95' lang='lat' dir='ltr'><strong> </strong></span> 
     </span>
    </p>
   </div>
  </div>
 </body>
</html>
