2678 4246
261 345 301 408 48
548 349 688 401 Jusrrru
705 311 954 400 fflsronmnr'm

679 499 755 554 cau.
771 501 823 554 111.

530 584 666 642 Antleehi
684 583 823 640 ffleracls
839 583 978 653 semote.

232 695 250 752 7
325 685 408 752 Inde
433 686 476 752 ad
494 686 696 752 Antiochum
718 687 851 752 fratrem
874 685 985 752 literas
1007 686 1097 768 facit,
1120 685 1243 774 quibus

261 773 422 842 auxilium
451 773 522 858 ejus
548 773 716 857 implorat,
746 771 856 836 oblata
882 772 912 836 ei
938 771 1019 838 Asia
1044 774 1134 836 intra
1160 771 1243 838 fines
1310 771 1311 828 l

231 859 363 924 8'Pauri
393 858 514 922 montis
542 857 578 920 in
608 858 791 944 praemium
818 857 903 920 latae
929 858 1012 956 opis.
1055 857 1242 923 Antiochus
1310 899 1311 918 t

261 953 380 1022 autem,
405 963 507 1028 quum
529 951 613 1007 esset
627 963 731 1024 annos
747 938 996 1028 quatuordecrm
1011 949 1119 1026 natus,
1142 965 1262 1030 supra,

217 1035 219 1038 ’
261 1037 400 1092 aetatem
416 1027 512 1116 regni
527 1026 654 1107 avidus,
671 1028 877 1092 occasionem
893 1035 1038 1090 nontam
1051 1028 1105 1113 pio
1118 1030 1241 1110 animo,

284 1133 361 1178 uam
383 1109 590 1194 offerebatur,
613 1111 761 1198 arripuit,
780 1113 845 1180 ¹sed
866 1111 1003 1176 latronis
1024 1133 1114 1176 more
1136 1121 1241 1178 totum

259 1135 353 1262 llatri
382 1198 511 1284 eripere
539 1218 579 1261 cu
605 1197 692 1277 iens,
745 1195 804 1260 uer
825 1195 1019 1262 sceleratam
1042 1197 1241 1285 virilemque

260 1284 361 1347 sumit
370 1281 553 1346 audaciam.
580 1219 679 1347 llnde
724 1282 1151 1370 ieraxestcognominatus,
1164 1285 1241 1370 quia
1310 1329 1311 1348 t

259 1389 327 1432 non
347 1366 501 1448 hominis,
524 1366 583 1434 sed
603 1367 773 1452 accipitris
790 1369 855 1431 ritu
870 1368 906 1430 in
927 1365 1044 1432 alienis
1061 1368 1240 1453 eripiendis
1310 1419 1311 1428 ,

231 1453 384 1520 trintum
415 1459 596 1538 quaereret
648 1451 780 1516 Interea
808 1451 1017 1518 Ptolemaeus
1046 1449 1239 1538 Euergetes,
1310 1467 1311 1496 ¹

261 1559 364 1623 quum
379 1536 582 1602 Antiochum
595 1539 632 1602 in
648 1537 811 1602 auxilium
825 1535 972 1603 Seleuco
986 1538 1101 1602 venire
1121 1561 1240 1626 cogno

260 1623 375 1705 visset,
406 1645 447 1687 ne
476 1644 551 1686 cum
578 1621 708 1687 duobus
729 1642 796 1686 uno
818 1631 966 1708 tempore
989 1621 1176 1706 dimicaret,
1206 1625 1239 1688 in

121 1711 196 1777 240.
211 1717 252 1776 10
261 1729 365 1774 annos
386 1708 499 1772 decem
519 1729 595 1772 cum
611 1707 749 1772 Seleuco
770 1728 887 1792 pacem
901 1708 989 1772 facit.
1034 1707 1101 1772 Sed
1116 1731 1185 1793 pax
1200 1709 1238 1773 ab

88 1861 92 1868 ,
148 1851 150 1856 .
260 1795 354 1859 hoste
370 1793 447 1858 data
460 1793 691 1880 interpellatur
706 1815 726 1856 a
740 1792 848 1875 fratre,
866 1795 933 1878 qui,
949 1792 1112 1857 conducto
1128 1793 1238 1860 Gallo·

205 1893 206 1896 ’
259 1903 333 1944 rum
355 1878 558 1960 mercenario
583 1879 746 1958 exercitu,
776 1899 836 1962 pro
860 1879 985 1943 auxilio
1008 1876 1153 1960 bellum,
1182 1900 1237 1964 pro

259 1965 358 2029 fratre
371 1964 498 2028 hostem
510 1963 671 2028 exhibuit.
694 1963 734 2027 In
747 1984 786 2026 eo
798 1963 924 2048 proelio
936 1965 1059 2027 virtute
1068 1963 1237 2028 Gallorum

260 2051 366 2114 victor
388 2049 521 2134 quidem
536 2047 817 2130 Antiochusfuit,
841 2047 900 2114 sed
916 2048 1020 2130 Galli,
1044 2048 1236 2113 arbitrantes

244 2133 435 2214 ⁴Seleucum
458 2135 493 2196 in
537 2133 639 2196 roelio
663 2132 830 2214 cecidisse,
853 2135 888 2197 iu
909 2134 1019 2220 ipsum
1039 2134 1236 2199 Antiochum

261 2239 353 2282 arma
366 2227 503 2298 vertere,
514 2155 658 2282 liberius
675 2217 908 2304 depopulaturi
923 2220 1047 2300 Asiam,
1065 2221 1093 2282 si
1110 2239 1237 2285 omnem

260 2304 394 2388 stirpem
410 2303 536 2389 regiam
551 2304 797 2368 exstinxissent.
829 2301 929 2384 Quod
943 2303 1001 2368 ubi
1013 2305 1117 2369 sensit
1127 2306 1237 2370 Antio·
1309 2343 1310 2348 κ

261 2387 352 2470 chus,
369 2387 461 2452 velut
475 2411 495 2454 a
509 2388 731 2476 praedonibus
745 2409 824 2452 auro
837 2411 872 2453 se
884 2389 1025 2471 redimit,
1041 2391 1238 2455 societatem-
1309 2405 1310 2422 ¹

261 2495 325 2562 que
341 2496 416 2539 cum
431 2474 644 2539 mercenariis
660 2474 728 2538 suis
738 2473 862 2560 jungit.

680 2608 822 2666 cmv.
975 2623 977 2628 ·

498 2693 639 2752 Antloohi
657 2696 689 2750 et
706 2695 825 2754 Seleuci
843 2695 1000 2752 lnterltus.

210 2805 248 2865 11
323 2797 454 2862 interea
472 2817 532 2862 rex
546 2797 701 2882 Pergami
715 2797 858 2878 Attalus,
881 2797 1002 2884 sparsis
1023 2799 1238 2886 consumptis

260 2901 325 2967 que
354 2876 509 2947 fratribus
538 2881 697 2947 intestina
726 2881 905 2964 discordia,
944 2884 1038 2969 quasi
1067 2892 1237 2948 vacantem

259 2967 360 3032 Asiae
382 2967 625 3053 possessionem
643 2969 835 3049 invasurus,
858 2969 1019 3032 victorem
1037 2967 1237 3034 Antiochum

260 3051 442 3139 Gallosque
461 3053 663 3139 aggreditur.
693 3053 764 3118 Nec
779 3052 913 3118 difficile
929 3053 1058 3118 saucios
1074 3053 1184 3120 adhuc
1199 3075 1238 3120 ex
1308 3057 1309 3108 ὲ

259 3139 429 3224 superiore
450 3141 683 3224 congressione
700 3139 830 3224 integer
851 3139 923 3226 ipse
943 3138 1071 3204 viribus
1095 3149 1236 3224 superat
1308 3149 1309 3182 r

209 3223 311 3292 rana
331 3221 476 3310 namque
494 3231 689 3310 tempestate
709 3225 821 3290 omnia
835 3223 924 3289 bella
938 3225 973 3288 in
989 3223 1124 3290 exitium
1139 3225 1237 3292 Asiae

260 3309 474 3394 gerebantur:
495 3311 546 3374 uti
567 3309 708 3460 ‹puisque
729 3309 845 3375 fortior
865 3309 991 3392 fuisset,
1014 3309 1129 3374 Asiam
1149 3310 1239 3375 velut

259 3394 416 3543 praedam
447 3415 573 3482 occupa
597 3404 638 3459 at.
683 3393 842 3460 Seleucus
865 3404 897 3461 et
918 3395 1102 3461 Antiochus
1124 3397 1237 3462 fratres

284 3478 385 3547 ellum
415 3501 475 3567 pro
499 3490 550 3545 ter
576 3481 691 3544 Asiam
722 3480 898 3565 gerebant3
930 3479 1148 3557 Ptolemaeus,
1181 3503 1237 3546 rex

259 3566 416 3656 Aegypti,
439 3503 502 3629 sub
517 3561 634 3651 ¹specie
649 3563 794 3630 sororiae
808 3565 946 3633 ultionis
961 3567 1063 3632 Asiae
1078 3566 1235 3632 inhiabat
