2678 4246
254 317 295 382 58
542 321 682 374 JUSTINI
698 321 947 374 mercensem

256 473 330 536 dice
352 491 455 560 uxore
477 471 557 554 filio,
580 473 731 555 moritur3
757 472 814 536 sed
833 493 921 536 mors
936 474 1017 559 ejus,
1041 471 1122 536 dum
1137 493 1239 560 pecu·

256 557 345 620 niam
361 557 487 641 regiam
502 557 657 622 mulieres
672 558 807 644 rapiunt
820 565 853 622 st
862 558 1048 640 imperium,
1064 559 1149 622 inita
1161 579 1239 622 cum

255 641 486 727 perditissimis
501 643 665 723 societate,
688 663 849 726 occupare
864 651 1036 720 conantur,
1053 642 1111 706 diu
1127 643 1239 708 occul-

256 735 323 790 tata
338 727 408 790 fuit
439 727 487 790 Re
502 737 612 792 tamen
628 727 769 811 cognita,
790 747 952 791 concursu
966 726 1192 792 multitudinis
1208 737 1240 792 et

256 810 457 896 Agathocles
469 811 637 892 occiditur,
651 821 682 876 et
693 811 846 875 mulieres
857 809 1015 898 patibulis
1023 811 1238 896 suffiguntur.

204 907 245 964 27
257 897 360 961 Morte
398 897 486 984 regis
523 895 697 982 supplicio'
710 919 751 960 ue
776 895 953 960 mulierum
984 895 1076 960 velut
1101 899 1240 982 expiata

256 982 351 1064 regni
373 980 518 1062 infamia,
541 981 666 1066 legatos
721 980 908 1046 lexandrini
932 980 975 1044 ad
988 981 1155 1046 Romanos
1180 981 1238 1046 mi·

258 1087 338 1145 sere,
363 1075 502 1146 orantes,
525 1078 558 1130 ut
571 1073 695 1131 tutelam
708 1075 820 1146 nuptui
834 1075 1036 1146 messuerant,
1060 1080 1238 1132 tuerentur·

258 1172 317 1230 que
337 1172 463 1229 reanum
478 1157 620 1231 Aeoypti,
642 1157 727 1230 quod
736 1158 808 1230 jum
824 1157 986 1230 Philurpae
1009 1164 1039 1218 et
1051 1157 1238 1227 Antiochus,

205 1242 346 1314 hescote
370 1243 450 1300 tuter
471 1255 506 1299 re
521 1244 683 1314 pactione,
708 1241 848 1301 diuidere
869 1243 1085 1304 decrevissent.
1132 1235 1239 1300 Grata

257 1319 378 1404 legatio
390 1318 546 1384 Remmia
560 1321 623 1385 fuit
634 1341 765 1384 causam
779 1318 859 1384 belli
871 1317 1029 1384 adversus
1041 1320 1130 1384 Phili
1156 1343 1238 1408 pum

258 1405 503 1504 quaerentibus,
527 1405 585 1490 qui
604 1405 806 1554 temporibus
821 1405 939 1469 Punici
960 1403 1040 1469 belli
1058 1407 1125 1470 insi
1151 1407 1237 1470 'atus

191 1498 193 1502 ’
257 1490 297 1552 irs
312 1489 428 1552 fuerat.
455 1489 531 1553 Huc
546 1489 666 1555 accede
691 1500 732 1572 at,
750 1488 848 1577 quod,
864 1489 983 1554 Poenis
999 1498 1032 1554 et
1045 1489 1238 1556 Hannibale

258 1575 431 1658 superatis,
446 1574 570 1639 nullius
585 1577 691 1660 magis
705 1575 1017 1658 arma‘metucbant3
1033 1597 1069 1638 re
1094 1585 1236 1657 utentes,

280 1670 418 1724 uantum
433 1669 557 1724 motum
573 1660 720 1747 Pyrrhus
729 1680 839 1746 parva
852 1675 954 1723 manu
966 1659 1040 1723 Mac
1085 1683 1188 1725 onum
1203 1662 1237 1724 in

257 1682 354 1808 lltslia
372 1744 511 1824 fecisset,
532 1754 738 1831 quantasque
759 1767 810 1810 res
831 1745 1028 1809 Macedones
1047 1747 1083 1810 in
1099 1745 1235 1812 Oriente

206 1839 247 1898 29
257 1832 444 1912 gessissent.
488 1830 664 1895 Mittuntur
685 1831 797 1916 itaque
818 1829 929 1915 legati,
953 1830 1009 1916 qui
1024 1831 1236 1896 Antiochoet

257 1915 416 2063 Philipppp
429 1915 643 1980 denuncient:
660 1937 757 1994 reone
773 1923 907 1995 Aeqypa'
922 1922 1107 1980 obstineant.
1137 1915 1236 1980 Mitti·

258 2009 312 2063 tur
335 2011 367 2064 et
418 2000 488 2065 .Le
512 2001 587 2066 idus
609 2002 644 2064 in
660 1999 861 2086 Aegyptum,
886 2001 943 2086 qui
964 1999 1083 2064 tutorio
1102 2002 1236 2066 nomine

258 2105 398 2168 regnum
412 2023 533 2171 pupilli
549 2084 765 2150 administret.
807 2133 808 2138 η

349 2319 475 2375 Romam
492 2320 604 2376 bellum
621 2237 956 2390 aovhguvlbmppum
975 2320 1153 2378 decernunt.

207 2435 250 2495 30
319 2421 413 2484 Dum
429 2419 511 2485 haec
526 2431 679 2506 aguntur,
694 2423 827 2488 iuterim
843 2420 1023 2506 legationes
1033 2421 1138 2486 Attali
1150 2423 1234 2506 regis

260 2515 292 2572 et
312 2506 532 2587 Rhodiorum,
556 2507 694 2594 injurias
715 2505 864 2594 Philippi
887 2515 1076 2593 querentes,
1098 2506 1232 2571 Romam

259 2601 431 2656 venerunt.
478 2591 572 2673 Quae
595 2614 646 2656 res
669 2613 799 2655 omnem
823 2593 1064 2656 cunctationem
1088 2591 1233 2656 Macedo

209 2691 248 2749 31
259 2678 327 2740 uici
341 2677 421 2742 belli
435 2679 564 2741 senmui
580 2678 711 2742 exemit.
752 2677 868 2741 Statim
885 2677 986 2762 igitur
999 2676 1095 2742 titulo
1110 2677 1234 2742 ferendi

259 2762 357 2826 soufis
377 2760 495 2825 auxilii
514 2761 638 2826 bellum
659 2761 818 2826 adversus
833 2761 1025 2848 Philippum
1042 2761 1233 2844 decernitur,

261 2847 474 2933 legionesque
497 2864 574 2910 oum
598 2846 734 2912 consule
756 2848 790 2910 in
806 2845 1033 2912 Macedoniam
1054 2848 1234 2911 mittuntur.

260 2931 330 2995 Nec
352 2930 455 2996 multo
477 2940 552 3016 post
571 2941 718 3018 tempore
740 2941 809 2996 tota
824 2933 965 2996 Graecia
985 2931 1108 2996 fiducia
1122 2932 1233 2997 Rome

260 3037 389 3097 norum,
405 3039 464 3100 spe
474 3017 633 3104 pristinae
646 3019 806 3082 libertatis
814 3025 936 3099 erecta,
947 3016 1103 3103 Philippo
1113 3017 1233 3096 bollum

261 3101 386 3185 intulit3
403 3110 501 3187 atque
515 3103 564 3166 ita
577 3125 681 3190 *quum
692 3125 752 3167 rex
761 3103 912 3188 undique
924 3112 1106 3186 urgeretur,
1122 3123 1232 3186 pacem

209 3196 372 3271 3‘2pctere
392 3186 610 3272 compellitur.
656 3188 786 3252 Deinde
809 3209 912 3274 quum
936 3189 1106 3272 expositae
1128 3187 1232 3252 condi·

262 3273 371 3336 aiones
411 3273 477 3336 acis
493 3295 513 3336 a
524 3272 680 3336 Romanis
698 3281 814 3352 essent,
832 3281 979 3357 repetere
990 3295 1051 3337 sua
1063 3280 1095 3336 et
1106 3273 1232 3338 Attalus

262 3365 295 3419 et
313 3355 384 3420 Rho
411 3358 431 3372 ”
456 3366 488 3421 et
506 3357 632 3422 Achaei
656 3366 688 3421 ct
701 3356 811 3421 Aetoli
834 3379 980 3442 coepere.
1025 3356 1149 3422 Contra
1162 3357 1233 3424 Phi-

241 3505 243 3508 .
262 3441 372 3526 lippus
384 3449 502 3508 adduci
511 3465 547 3506 se
550 3465 658 3523 poree,
675 3455 709 3508 at
718 3443 870 3510 ilumeris
874 3455 1002 3522 pereat,
1020 3441 1231 3524 eoncedebat3

262 3538 396 3590 ceteram
408 3534 569 3607 melonum
581 3549 657 3606 esre,
677 3535 815 3593 Groeeos
827 3550 848 3592 o
862 3535 1004 3609 Philippo
1016 3533 1231 3592 salamandra
