2658 4244
522 314 662 366 Jusrnu
681 315 929 368 Hrsrosmsuu
949 292 959 344 -’

659 466 735 516 CAP.
753 467 789 517 11.

558 549 865 610 ,Semiramis

204 661 222 719 6
296 653 389 716 Haec
409 675 475 716 neo
491 654 666 716 immaturo
688 675 769 716 ausa
791 653 920 716 tradere
940 655 1130 737 imperium,
1151 675 1213 717 neo
1321 693 1322 696 =

129 753 131 759 '
234 739 309 825 ipsa
323 737 433 824 palam
448 746 598 818 tractare,
615 747 662 802 tot
678 759 716 802 ac
731 740 830 802 tantis
846 738 999 822 gentibus
1018 741 1076 802 vix
1090 739 1214 824 patien·
1321 763 1322 822 3

232 831 283 887 ter
298 825 357 887 uni
374 825 455 903 viro,
471 822 595 887 nedum
611 822 753 886 feminae
768 824 923 910 parituris
930 871 942 902 „
956 821 1090 887 simulat
1104 846 1139 888 se
1154 845 1213 908 pro
1321 831 1322 900 ξ

233 931 333 972 uxore
349 909 428 972 Nini
443 907 566 987 filium,
582 931 642 994 pro
658 907 781 972 femina
803 931 952 992 puerum.
997 909 1082 972 Nam
1099 917 1135 972 ‘et
1154 917 1215 972 sta·
1321 962 1322 992 ,

232 1003 306 1058 tura
321 993 453 1079 utrique
469 991 643 1057 mediocris
656 1002 689 1056 et
698 1016 766 1057 vox
777 995 899 1078 pariter
912 992 1053 1078 gracilis,
1068 1003 1100 1058 et
1110 994 1212 1057 linea-

107 1151 110 1160 ,
205 1087 420 1144 ‘tmentorum
436 1078 577 1164 qualitas
590 1079 690 1142 matri
706 1101 745 1142 ac
759 1078 828 1142 filio
842 1080 969 1144 similis.
996 1079 1139 1142 Brachia
1154 1079 1214 1164 igi·
1321 1073 1322 1140 ἶ

233 1173 288 1228 tur
304 1185 342 1228 ac
357 1185 454 1227 crura
470 1164 674 1244 velamentis,
694 1174 794 1250 caput
809 1165 892 1228 tiara
906 1166 1003 1249 tegit5
1025 1174 1057 1229 et
1070 1187 1113 1228 ne
1128 1184 1215 1227 novo

235 1249 351 1312 habitu
374 1247 501 1334 aliquid
520 1249 686 1312 occultare
705 1249 886 1330 rideretur,
909 1249 1024 1313 eodem
1047 1259 1164 1313 ornatu
1184 1258 1216 1312 et
1321 1254 1322 1268 ¹

234 1327 394 1420 populum
419 1334 533 1398 vestiri
552 1334 663 1420 jubet3
689 1355 787 1419 quem
814 1357 937 1399 morem
965 1336 1065 1399 uestis
1094 1331 1215 1398 exinde

207 1427 317 1503 Sgens
335 1419 489 1482 universa
504 1428 604 1482 tenet.
642 1419 697 1483 Sic
712 1442 797 1505 puer
812 1441 884 1484 esse
908 1419 1032 1482 credita
1055 1429 1113 1483 est.
1136 1419 1218 1500 ‚Ma-

259 1526 318 1566 nas
335 1503 454 1567 deinde
466 1526 518 1567 res
531 1504 648 1587 gessit;
662 1525 802 1591 quarum
818 1503 1036 1590 amplitudine
1059 1505 1116 1568 ubi
1133 1505 1217 1568 invi·

236 1527 324 1653 diam
340 1610 379 1652 su
404 1597 528 1652 oratam
543 1596 645 1672 putat,
655 1587 748 1674 'quae
763 1590 806 1652 sit
820 1589 948 1670 fatetur,
962 1610 1104 1674 quemve
1117 1590 1216 1652 simu-

236 1673 345 1738 lasset.
374 1612 444 1737 lieo
459 1673 523 1737 hoe
537 1673 588 1737 illi
603 1673 797 1758 dignitatem
818 1675 914 1758 regni
930 1673 1065 1754 ademit,
1087 1672 1146 1737 sed
1162 1673 1216 1736 ad·
1299 1675 1302 1682 ’

235 1760 443 1822 mirationem
459 1759 561 1833 auxit,
578 1759 667 1844 quod
682 1759 802 1845 mulier
813 1781 879 1822 non
891 1757 1031 1822 feminas
1043 1758 1141 1822 modo
1153 1758 1217 1821 vir-

208 1853 315 1923 9tute,
332 1843 390 1908 sed
406 1845 507 1908 etiam
522 1844 611 1908 viros
627 1845 776 1908 anteiret.
807 1843 900 1908 Haeo
910 1843 1131 1929 Babyloniam
1144 1865 1218 1906 eon·
1321 1873 1322 1928 j

237 1929 321 1994 didit
336 1951 533 2015 murumque
556 1927 631 1992 urbi
648 1936 740 1991 cocto
762 1928 863 1992 latere
886 1929 1117 2008 circumdedit,
1134 1927 1218 1991 bitu·
1321 1961 1322 2010 3

235 2015 325 2078 mine
339 2015 536 2094 interstrato,
546 2035 639 2098 ¹quae
655 2014 794 2076 materia
808 2014 842 2076 in
859 2013 925 2078 illis
941 2013 1026 2078 locis
1036 2037 1053 2078 e
1063 2024 1152 2077 terra
1164 2035 1218 2076 ex·
1321 2029 1322 2068 r

188 2107 228 2164 10
238 2107 376 2162 aestuat.
405 2098 512 2161 Multa
532 2107 564 2162 et
584 2098 651 2160 alia
665 2097 837 2184 praeclara
851 2098 949 2184 hujus
965 2100 1101 2182 reginae
1116 2098 1217 2161 fuere.
1321 2079 1322 2098 ³

236 2185 311 2248 Non
329 2191 492 2264 contenta,
508 2183 603 2267 regni
617 2185 773 2246 terminos
790 2183 889 2263 tueri,
913 2182 1123 2266 Aethiopiam
1140 2203 1219 2268 quo·
1321 2217 1322 2270 ἦ

239 2290 303 2355 que
318 2269 456 2352 imperio
471 2266 592 2354 adjecit
607 2277 640 2330 et
650 2266 765 2331 Indiae
777 2267 902 2332 bellum
914 2267 1037 2348 intulit,
1050 2288 1115 2352 quo
1128 2287 1220 2351 prae·
1321 2273 1322 2348 t

189 2364 226 2418 11
238 2362 287 2416 ter
302 2353 392 2417 illam
410 2362 442 2416 et
455 2353 685 2416 Alexandrum
700 2353 861 2438 Magnum
876 2375 973 2418 nemo
989 2352 1136 2416 intravit.
1165 2351 1220 2430 Ad

237 2447 440 2522 postremum
460 2461 480 2502 a
497 2437 566 2502 filio
587 2438 761 2502 interfecta
782 2447 845 2519 est,
866 2437 932 2500 duo
949 2447 982 2500 et
996 2433 1218 2523 quadraginta

189 2533 342 2589 12annos
363 2533 438 2608 post
456 2523 582 2588 Ninum
606 2545 708 2608 regno
731 2525 844 2608 potita.
883 2522 991 2586 Filius
1008 2524 1079 2608 ejus
1095 2523 1218 2606 Ninya,

238 2617 410 2673 contentus
426 2608 590 2674 elaborato
607 2610 833 2692 aparentibus
849 2609 999 2692 imperio,
1015 2607 1096 2671 belli
1111 2606 1221 2670 studia

239 2693 400 2779 deposuit,
416 2703 449 2758 et
462 2694 566 2758 veluti
581 2717 697 2759 sexum
713 2715 789 2757 cum
805 2703 909 2758 matre
924 2702 1093 2772 mutasset,
1111 2713 1185 2755 raro
1200 2713 1220 2754 a

189 2780 318 2846 13viris
344 2781 436 2844 visus
463 2781 498 2842 in
522 2779 718 2843 feminarum
745 2778 843 2843 turba
868 2780 1049 2842 consenuit.
1095 2777 1221 2842 Posteri

241 2886 374 2950 quoque
397 2866 467 2951 ejus
487 2864 522 2928 id
545 2863 733 2948 exemplum
751 2865 870 2944 secuti,
892 2885 1053 2946 responsa
1068 2861 1221 2946 gentibus

265 2971 300 3012 er
312 2951 538 3014 internuncios
551 2949 683 3012 dabant
700 2949 881 3033 Imperium
890 2949 1028 3032 Assyrii,
1039 2948 1099 3033 qui-
1109 2955 1223 3032 postea

190 3039 193 3045 ’
240 2972 317 3119 dyri
333 3035 413 3099 dicti
430 3043 515 3116 sunt,
532 3033 623 3098 mille
638 3035 793 3099 trecentis
810 3035 904 3097 annis
920 3043 1064 3098 tenuere
1111 3081 1114 3086 -

658 3161 736 3222 'can
755 3173 804 3222 111.

557 3253 914 3322 Sardanapalus

191 3367 232 3424 14
306 3359 498 3422 Postremus
520 3357 610 3442 apud
634 3379 689 3422 eos
710 3358 862 3439 regnavit
881 3354 1144 3442 sardanapalus,
1172 3355 1225 3418 vir

215 3480 220 3491 ·
242 3442 382 3508 muliere
395 3443 589 3527 corruptior.
611 3442 668 3506 Ad
679 3442 768 3506 hunc
782 3442 962 3507 videndum
980 3440 1085 3528 (quod
1100 3440 1225 3504 nemini

243 3536 320 3592 ante
335 3550 411 3594 eum
427 3530 625 3613 permissum
646 3529 766 3614 fuerat)
790 3528 974 3612 praefectus
992 3527 1098 3612 ipsius
1118 3523 1225 3590 Medis
1321 3556 1322 3626 ᾗ
