2658 4244
221 291 262 352 44
509 290 650 342 Jusrnn
666 289 916 343 msrosmnun

220 445 321 524 tisset,
338 461 427 506 cose
440 441 578 506 victoria
592 440 790 522 transferret,
805 441 964 528 fieretque
980 465 1057 507 cum
1070 467 1111 510 eo
1123 448 1210 512 mira

172 537 209 594 21
222 527 385 616 quaedam
410 528 560 592 fortunae
589 526 776 590 inclinatio!
821 525 939 614 Itaque
959 529 1120 596 omnibus
1138 554 1209 596 non

222 614 374 678 humanis
388 622 527 693 tantum,
542 633 658 676 verum
669 621 703 676 et
713 611 836 676 divinis
847 635 924 676 eum
936 613 1121 680 honoribus
1132 639 1210 683 oue

221 707 312 781 rant,
334 706 460 764 certant
481 719 593 762 secum
613 697 693 783 ipsi,
714 706 824 760 utrum
841 699 1113 766 contumeliosius
1130 723 1208 766 eum

222 784 419 870 expulerint,
435 804 477 846 an
493 783 721 846 revocaverint
730 781 932 847 honoratius.
954 784 1048 872 Ipsos
1060 787 1112 851 illi
1125 787 1206 852 deos

221 868 424 955 gratulantes
445 867 551 931 tulere
572 867 721 948 obviam,
753 889 894 954 quorum
920 872 1207 938 exsecrationibus
1327 946 1328 949 Ἴ

222 964 291 1018 erat
302 955 456 1036 devotus3
470 964 502 1016 et
510 952 671 1040 cuipaulo
683 961 759 1016 ante
771 975 902 1017 omnem
914 954 1096 1020 humanam
1108 979 1206 1044 opem
1326 964 1328 987 ³

220 1037 475 1118 interdixerant,
498 1060 590 1119 cum,
613 1039 640 1102 si
653 1047 793 1124 queant,
815 1040 851 1101 in
872 1039 965 1103 coelo
983 1043 1135 1126 posuisse
1150 1065 1206 1107 cu·
1324 1057 1326 1068 ‘

220 1127 326 1210 piunt.
366 1124 515 1209 Explent
540 1123 757 1188 contumelias
778 1123 975 1206 honoribus,
1006 1125 1208 1192 detrimenta

172 1215 212 1272 22
221 1209 424 1290 muneribus,
448 1210 688 1274 exsecrationes
703 1208 866 1294 precibus.
896 1209 972 1274 Non
987 1211 1123 1278 Siciliae
1137 1213 1207 1280 illis

222 1288 363 1360 aduersa
376 1316 490 1379 pugna
504 1294 539 1356 in
555 1316 611 1358 ore
627 1302 685 1374 est,
708 1293 767 1358 sed
782 1295 943 1359 Graeciae
957 1297 1114 1381 victoria;
1136 1319 1207 1363 non
1325 1303 1327 1318 ¹

222 1379 342 1445 classes
357 1379 525 1466 perillum
541 1380 690 1460 amissae,
706 1379 766 1443 sed
780 1381 970 1466 acquisitae,
986 1403 1048 1447 nec
1063 1382 1208 1468 Syracu-

222 1488 347 1545 sarum,
370 1464 428 1528 sed
447 1465 566 1530 Joniae
581 1464 856 1551 Hellespontique
875 1467 1108 1532 meminerunt.
1148 1467 1208 1533 Sic

221 1550 412 1616 Alcibiades
427 1572 608 1635 numquam
621 1549 853 1631 mediocribus,
869 1553 976 1614 necin
991 1553 1127 1636 offensa,
1141 1576 1207 1620 nec

221 1639 257 1702 in
271 1636 383 1704 favore
398 1635 515 1702 studiis
530 1658 664 1700 suorum
680 1645 840 1721 exceptus
854 1646 911 1700 est.

349 1875 521 1932 Alcibiades
539 1873 634 1929 denuo
650 1788 843 1930 lliudhdllium
859 1873 1077 1942 proficiscitur.

172 1990 211 2048 23
284 1979 376 2043 Dum
402 1979 485 2042 haec
511 1988 669 2062 aguntur,
697 2001 717 2040 a
737 1977 1010 2042 Lacedaemoniis
1030 1979 1209 2064 Lysander

221 2065 318 2129 classi
333 2064 488 2148 belloque
502 2063 692 2148 praeficitur
699 2111 708 2144 ,
732 2075 764 2128 et
784 2064 819 2126 in
839 2063 949 2128 locum
972 2063 1207 2150 Tissaphernis

220 2151 360 2228 Darius,
385 2171 446 2212 rex
467 2149 658 2231 Persarum,
684 2148 791 2212 filium
814 2170 911 2212 suum
936 2148 1062 2234 Cyrum
1083 2149 1207 2216 Joniae

218 2234 413 2320 Lydiaequs
439 2235 643 2319 praeposuit,
677 2235 735 2320 qui
761 2233 1040 2300 Lacedaemonios
1066 2233 1206 2302 auxiliis

171 2331 210 2390 24
221 2319 338 2408 opibus
365 2342 405 2384 ue
421 2317 464 2384 ad
477 2341 569 2404 spem
584 2319 734 2383 fortunae
750 2320 868 2404 prioris
884 2321 998 2384 erexit.
1028 2319 1129 2384 Aucti
1143 2321 1206 2404 igi-

220 2416 275 2471 tur
285 2343 421 2488 viribus,
437 2404 645 2468 Alcibiadem
657 2426 732 2468 cum
744 2414 875 2468 centum
888 2404 1029 2469 nauibus
1040 2405 1076 2467 in
1088 2406 1206 2469 Asiam

147 2499 148 2504 ’
220 2491 417 2578 proiectum,
439 2490 517 2556 dum
534 2512 630 2575 agros
646 2489 702 2553 lon
728 2511 749 2552 a
761 2511 844 2576 pace
860 2490 979 2556 divites
994 2509 1133 2554 securus
1147 2513 1206 2577 po·

219 2577 355 2666 pulatur
377 2587 410 2640 et
430 2575 573 2663 praedae
597 2511 774 2639 dulcedine
803 2576 874 2638 sine
894 2575 1091 2642 insidiarum
1113 2583 1206 2639 metu

220 2683 351 2750 sparsos
366 2661 485 2726 milites
502 2660 616 2742 habet,
639 2661 811 2746 repentino
833 2659 978 2726 adventu
1001 2682 1019 2725 ο
1044 2682 1205 2746 pressere,

219 2755 376 2834 tantaque
392 2747 509 2812 caedes
524 2745 708 2832 palantium
729 2746 807 2826 fuit,
834 2755 872 2809 ut
893 2745 968 2832 plus
988 2683 1140 2811 viduaris
1163 2768 1203 2810 co

218 2832 345 2921 proelio
352 2831 570 2896 Athenienses
583 2833 778 2918 acciperent,
817 2851 894 2898 uam
906 2829 1130 2930 superioribus
1147 2829 1203 2896 de·

171 2927 209 2986 25
221 2921 354 3001 derant3
377 2926 410 2980 et
423 2927 515 2982 tanta
530 2916 716 3002 desperatio
731 2853 820 3000 apud
834 2915 1054 2982 Athenienses
1071 2924 1151 2996 erat,
1167 2926 1205 2980 ut

222 3029 264 3075 ex
290 3004 472 3070 continenti
494 3001 703 3068 Alcibiadem
730 3001 848 3066 ducem
865 3001 1000 3066 Conone
1025 3011 1202 3082 mutarent,

134 3163 137 3170 ,
222 3091 428 3170 arbitrantes,
444 3089 550 3152 victos
562 3109 599 3152 se
612 3079 824 3154 noniortuna
833 3085 923 3166 belli,
940 3086 999 3152 sed
1013 3086 1130 3152 fraude
1144 3088 1204 3150 im-

220 3176 397 3264 peratoris,
428 3174 518 3260 apud
544 3195 642 3259 quem
667 3174 744 3260 plus
770 3173 860 3256 prior
886 3171 1010 3236 offensa
1033 3170 1204 3253 valuisset,

222 3283 320 3350 quam
342 3263 488 3325 recentia
508 3259 683 3342 beneficia3
710 3258 829 3322 vicisse
855 3266 965 3321 autem
992 3277 1067 3320 eum
1094 3257 1204 3340 priore

220 3345 309 3412 bello
320 3345 395 3412 ideo
407 3354 545 3426 tantum,
558 3352 595 3408 ut
605 3343 791 3409 ostenderet
802 3341 960 3422 hostibus,
974 3363 1073 3427 quem
1083 3341 1205 3406 ducem

221 3455 236 3497 s
261 3433 431 3510 sevissent,
447 3441 480 3497 et
494 3440 531 3496 ut
545 3430 653 3495 carius
669 3431 716 3494 eis
731 3431 837 3514 ipsam
847 3429 1019 3496 victoriam
1034 3426 1204 3492 venderet

172 3527 214 3585 26
253 3519 344 3582 mnia
364 3518 452 3580 enim
474 3514 646 3582 credibilia
666 3516 702 3580 in
715 3513 892 3578 Alcibiade
911 3513 1007 3598 vigor
1028 3513 1156 3596 ingenii
1172 3521 1206 3576 et
