2678 4246
446 348 556 400 omns
572 347 656 400 XXX.
673 347 771 399 xxxi.
1057 341 1099 402 53

105 499 199 563 haec
214 499 409 568 Cleomenes
418 580 419 584 Ἰ
428 520 489 562 rex
508 505 584 585 post
603 497 725 564 multas
740 497 884 562 hostium
899 496 1017 562 caedes
1030 503 1098 563 toto

106 605 257 671 corpore
269 605 329 648 suo
343 585 469 671 pariter
483 595 515 648 et
529 583 674 648 hostium
697 603 812 648 cruore
834 581 972 646 madens
987 602 1099 666 super·
1212 621 1216 639 t

105 671 236 751 venit,
249 670 486 755 ingressusque
507 668 622 733 urbem
644 691 712 732 non
735 668 829 732 humi
844 666 1009 747 consedit,
1030 687 1098 730 non

107 753 1099 840 cibumautpotumpoposcit,nondeniquearmorumonns

109 838 286 988 deposuit,
309 838 368 902 sed
390 838 526 902 acolinis
549 839 684 924 parieti,
708 860 810 924 quum
834 846 976 924 quatuor
993 835 1100 900 millia

112 945 156 989 so
171 946 191 988 a
207 945 379 1008 expugna
394 924 595 1010 superfuisse
616 925 859 1008 conspexisset,
880 923 1045 1001 hortatur,
1067 931 1102 984 ut

108 1031 151 1074 re
162 1017 208 1074 ed
217 1015 346 1075 meliora
357 1016 550 1088 republicae
560 1021 698 1088 tempera
709 1021 911 1074 reservarent.
927 1007 1015 1072 Tum
1024 1027 1099 1070 cum

112 1097 262 1182 conjuge
280 1103 313 1159 et
331 1094 444 1160 liberis
463 1095 499 1157 in
517 1094 568 1158 Ae
637 1103 708 1159 tum
727 1094 770 1158 ad
785 1093 1012 1158 Ptolemaeum
1026 1112 1100 1176 pro

109 1179 291 1261 ficiscitur,
314 1201 335 1244 a
356 1201 422 1266 quo
444 1177 561 1244 honori
586 1199 624 1242 ce
646 1189 818 1266 susceptus
840 1179 898 1242 diu
919 1180 956 1244 in
971 1197 1101 1242 summa

111 1264 316 1348 dignatione
325 1266 414 1350 regis
425 1265 520 1329 vixit.
549 1263 720 1330 Postremo
735 1273 810 1349 post
820 1263 1002 1329 Ptolemaei
1017 1283 1100 1326 mor

110 1360 219 1414 teme
232 1349 302 1415 filio
323 1351 394 1438 ejus
416 1371 492 1413 cum
503 1350 599 1413 omni
617 1348 970 1414 familiainterficitur.
1007 1347 1100 1410 Anti-
1111 1357 1149 1413 19

113 1455 227 1520 gonus
249 1444 376 1518 autem,
400 1435 504 1499 caesis
527 1434 697 1500 occidione
719 1433 909 1520 Spartanis,
934 1434 1100 1498 fortunam

112 1529 228 1585 tantae
243 1519 335 1586 urbis
351 1521 534 1599 miseratus,
550 1541 571 1584 a
586 1519 771 1606 direptione
786 1519 907 1584 milites
921 1517 1100 1604 prohibuit,

112 1607 316 1691 veniamque
337 1604 405 1687 his,
433 1605 491 1690 qui
513 1605 759 1692 superfuerant,
783 1604 894 1685 dedit,
916 1604 1099 1688 praefatus:

114 1697 230 1758 bellum
243 1713 279 1754 ee
300 1707 368 1756 eum
385 1697 558 1769 Cleomene,
582 1711 655 1756 noo·
670 1695 923 1769 eum-Spartanis
942 1695 1101 1766 tabuisse,

116 1783 210 1857 cujus
226 1782 309 1855 sepo
336 1784 436 1841 omnis
457 1785 506 1840 iro
531 1781 599 1854 ejus
623 1781 716 1852 finito
737 1783 796 1850 set,-
822 1797 881 1839 nee
903 1782 1018 1839 minori
1039 1779 1102 1838 sibi

115 1870 247 1943 pieriae
256 1866 344 1941 fore,
367 1869 398 1926 se·
413 1867 453 1926 ab
469 1882 505 1924 eo
525 1871 651 1924 cerroto
666 1865 898 1937 Lacedaemon,
920 1880 942 1924 o
957 1881 1018 1938 quo
1033 1865 1101 1924 solo
1159 1862 1165 1869 ’

116 1958 214 2026 capre
233 1953 292 2022 sit,
313 1953 507 2026 proderetur.
545 1951 686 2010 Parcere
707 1953 853 2024 initurae
873 1951 940 2009 solo
960 1949 1047 2009 urbis
1063 1963 1103 2008 oc

116 2040 224 2110 tectis,
247 2040 399 2110 quoniam
418 2039 577 2108 hemines,
599 2036 711 2110 quibus
728 2041 889 2110 parceret,
912 2051 975 2094 non
990 2050 1101 2109 arper-
1191 2029 1192 2032 ’

112 2123 261 2196 fuissent.
304 2115 377 2180 Nec
396 2115 501 2180 multo
527 2123 604 2199 post
627 2116 700 2201 ipse
723 2114 869 2198 decedit,
895 2135 1034 2200 regnum
1060 2135 1102 2177 ue

116 2201 276 2287 Philippo
297 2201 426 2288 pupillo
453 2222 558 2266 annos
581 2199 831 2286 quatuordecim
853 2210 932 2266 nato
955 2200 1043 2265 tradi
1069 2200 1101 2265 't

532 2375 685 2384 ...ψ-...-

453 2506 601 2584 LIBER
630 2507 765 2584 XXXI.

116 2631 342 2744 Philippus,
369 2632 559 2702 Demetrii
584 2631 705 2718 filius,
731 2631 987 2726 Macedonum
1021 2649 1102 2702 rex„

215 2862 313 2918 Horae
330 2875 437 2930 regum
454 2778 708 2930 suaedhlleln
725 2861 865 2932 pluribus
881 2863 998 2930 regnis

182 2965 307 3030 Iisdem
335 2965 438 3029 ferme
467 2964 673 3050 temporibus
703 2986 818 3052 prope,
835 2966 984 3030 universi
1014 2963 1103 3029 orbis
1134 2974 1151 3030 1

115 3052 259 3135 imeria
277 3073 366 3115 nova
385 3057 502 3134 regum
523 3051 731 3114 successione
749 3059 876 3115 mutate
891 3058 978 3116 sunt.
1015 3049 1101 3113 Nam

116 3146 152 3200 et
171 3138 208 3200 in
227 3135 424 3200 Macedonia
443 3134 620 3220 Philippus
641 3145 771 3200 mortuo
786 3137 971 3218 Antigono,
993 3141 1101 3197 tutore

116 3221 300 3310 eodemque
311 3222 439 3302 vitrico,
456 3241 560 3286 annos
596 3222 823 3286 uatuordecim
839 3228 937 3283 natus
959 3240 1099 3303 regnum

115 3309 275 3392 suscepit;
292 3315 325 3372 et
338 3307 374 3372 in
385 3306 468 3370 Asia
480 3305 549 3370 inte
581 3315 652 3370 ecto
668 3306 807 3372 Seleuco
822 3303 975 3390 impubes
991 3303 1101 3368 adhuc
1167 3310 1243 3378 220.

114 3391 303 3458 Antiochus
326 3413 387 3456 rex
409 3392 605 3456 constitutus
629 3401 693 3476 est3
717 3390 949 3478 Cappadociae
969 3410 1102 3476 quoquo

115 3501 257 3563 regnum
278 3477 447 3542 Ariarathi
469 3498 572 3562 puero
595 3476 774 3540 admodum
796 3485 890 3562 pater
910 3475 982 3561 ipse
1002 3475 1100 3539 tradi-

117 3563 227 3648 deret3
249 3564 459 3650 Aegyptum,
484 3570 577 3646 patre
599 3583 638 3626 ae
660 3570 765 3628 matre
785 3561 983 3642 interfectis,
1007 3581 1101 3626 occu-
