2678 4246
482 338 590 392 LIBER
606 339 703 390 XXIX.
1038 336 1078 396 49

93 491 190 556 Hinc
210 490 360 570 Attalus,
380 489 459 554 inde
482 489 588 575 Galli,
611 489 825 554 humiliorum
846 511 976 575 semper
996 511 1079 556 mer-

92 577 235 641 cenaria
249 597 376 660 manus,
388 576 505 638 Asiam
522 575 823 660 depopulabantnr;
839 596 941 661 quum
953 577 1080 640 interea

92 683 198 726 nemo
215 660 367 726 defensor
377 659 476 724 Asiae
487 660 574 724 iuter
584 669 633 724 tot
643 659 826 744 praedones
838 659 1079 724 inveniebatur.

164 747 262 812 Victo
283 743 465 826 Antiocho,
496 767 598 830 quum
621 745 752 809 Attalus
773 746 931 831 majorem
954 753 1081 830 partem
1092 752 1131 810 1³

93 834 203 896 Asiae
229 838 433 915 occupasset,
460 852 504 893 ne
529 840 609 894 tunc
635 830 770 915 quidem
795 829 1080 914 fratres,'perdito

95 917 260 1000 praemio,
281 924 415 1001 propter
437 914 525 1000 qnod
546 914 670 979 bellum
692 913 860 1000 gerebant,
881 914 1097 980 concordare

96 1007 298 1086 potuerunt,
328 999 403 1080 sed,
435 1001 555 1064 omisso
577 1008 712 1064 externo
735 1000 844 1082 hoste,
871 1001 907 1064 in
929 1009 1081 1064 mutuum

96 1087 241 1150 exitium
272 1085 397 1148 bellum
422 1107 457 1148 re
483 1094 585 1148 arant.
630 1086 669 1150 In
697 1107 735 1150 eo
761 1085 945 1150 Antiochus
972 1085 1081 1150 denuo
1093 1093 1134 1149 14

96 1173 220 1252 victus,
244 1169 421 1234 multorum
444 1107 674 1256 «limminga
696 1171 754 1234 lati
778 1179 861 1252 atus,
884 1169 1016 1236 tandem
1039 1169 1083 1234 ad
1105 1251 1108 1258 .

98 1277 255 1321 socerum
269 1275 367 1341 suum
383 1255 603 1337 Ariamenem,
625 1277 736 1340 regem
753 1193 993 1342 dappadooiae,
1010 1275 1082 1341 pro-

99 1340 247 1404 vehitur.
290 1340 322 1404 A
345 1361 410 1426 quo
439 1361 540 1424 quum
573 1342 716 1426 primum
748 1341 893 1426 benigne
923 1349 1083 1426 exceptus

100 1436 200 1506 esset,
219 1424 399 1512 interjectis
422 1424 550 1506 diebus,
571 1427 703 1508 cognito
725 1419 864 1491 insidias
885 1425 948 1490 sibi
962 1427 1082 1514 parari,

100 1511 244 1575 salntem
267 1509 349 1595 fuga
370 1510 544 1596 quaesivit.
589 1511 705 1598 Itaque
728 1533 830 1597 quum
852 1511 992 1596 profugo
1008 1515 1133 1574 nus-15

99 1618 204 1744 paam
220 1603 311 1660 tutus
326 1594 417 1658 loeus
433 1605 527 1675 esset,
544 1595 587 1658 ad
598 1596 824 1660 Ptolemaeum
836 1596 972 1676 hortem,
989 1597 1083 1682 cujus

128 1680 209 1746 dem,
235 1681 386 1744 tutiorem
418 1701 517 1765 quam
539 1681 648 1744 fratris
672 1681 897 1762 existimabat,
928 1681 1082 1761 decurrit,

102 1787 241 1840 memor,
262 1764 316 1829 vel
339 1787 423 1850 quae
446 1765 592 1829 facturus
614 1766 707 1830 fratri
730 1776 825 1843 esset,
848 1766 901 1830 vel
917 1787 1003 1852 quae
1018 1787 1084 1829 me·

102 1852 228 1914 ruisset
238 1872 258 1914 a
268 1849 377 1914 fratre.
406 1849 473 1913 sed
484 1849 692 1914 Ptolemaeus
705 1873 772 1914 non
785 1860 852 1914 tam
863 1853 962 1915 amici
974 1850 1083 1914 debito
1095 1857 1134 1914 16
1179 1929 1184 1938 1

102 1957 207 2022 quam
227 1934 329 2000 hostis
352 1934 494 2016 functus,
517 1937 641 2000 servari
662 1957 735 1999 euru
753 1937 917 2013 artissima
934 1935 1086 2000 custodia

96 2020 208 2107 jubet.
249 2011 340 2083 Hinc
363 2041 493 2106 quoque
516 2017 700 2084 Antiochus
723 2021 867 2106 deceptis
891 2017 1104 2108 custodibus⁴

103 2104 259 2186 elabitur,
269 2106 466 2191 fugiensque
478 2127 497 2168 a
507 2105 691 2170 latronibus
702 2105 906 2170 interficitur.
926 2106 1086 2172 Seleucus
1096 2111 1136 2170 17

103 2211 240 2276 quoque
251 2191 368 2254 iisdem
380 2190 482 2254 ferme
494 2190 621 2271 diebus,
638 2193 758 2256 amisso
770 2213 883 2275 regno,
895 2213 981 2278 equo
993 2209 1085 2278 prae·
1151 2193 1228 2258 22⁷.

106 2275 266 2361 cipitatus
279 2275 402 2340 finitur.
432 2275 488 2340 Sic
498 2277 613 2340 fratres
626 2277 721 2362 quasi
732 2285 765 2340 et
775 2278 940 2362 germanis
952 2277 1085 2340 casibus

105 2359 241 2509 pxsules
268 2359 364 2425 ambo
391 2369 465 2446 post
490 2382 594 2446 regna
621 2359 782 2425 scelerum
805 2381 938 2426 suorum
962 2383 1087 2448 poenas

121 2455 252 2508 uerunt.

522 2551 677 2562 ——uu-——n—

454 2667 601 2741 LIBER
629 2667 743 2742 XXX.
1002 2763 1004 2768 Ι

108 2792 362 2884 Epirotarum
378 2791 511 2882 regiae
528 2791 659 2884 gentis
672 2790 868 2863 interitus.
901 2792 1093 2886 Antigoni

171 2893 396 2966 Macedonis
421 2893 569 2966 bellum
594 2896 784 2967 adversus
812 2891 1034 3006 Spartanos.

542 3043 618 3096 CAP.
642 3044 664 3093 I.

138 3124 290 3194 Olympias
307 3124 404 3180 tiliam
422 3139 506 3180 suam
522 3125 677 3182 Demetrio
695 3127 851 3182 Macedoni
867 3127 920 3184 dat
937 3137 1073 3186 uxorem.

178 3209 352 3296 Olympias
363 3256 373 3290 ,
403 3208 524 3294 Pyrrhi
554 3210 711 3296 Epirotae
737 3212 827 3296 regis
856 3209 944 3290 filia,
974 3211 1094 3274 amisso
1126 3218 1144 3274 1

112 3296 232 3359 marito
247 3295 429 3381 eodemque
445 3313 601 3380 germano
616 3296 716 3360 fratre
731 3295 937 3375 Alexandro,
957 3293 1093 3360 tutelam

112 3380 258 3444 filiorum
274 3379 394 3466 Pyrrhi
415 3388 448 3443 et
461 3379 641 3444 Ptolemaei
661 3382 823 3468 regnique
842 3380 1095 3445 administratio

115 3487 190 3529 nem
212 3465 247 3528 in
268 3487 302 3528 se
323 3466 457 3549 recepit.
495 3465 607 3546 Quum
626 3487 705 3530 vero
725 3465 835 3530 Aetoli
853 3473 981 3552 partem
997 3465 1096 3530 Acar-

114 3553 252 3631 naniae,
279 3572 378 3636 quam
401 3551 437 3613 in
459 3552 643 3638 portionem
669 3549 750 3616 belli
775 3560 869 3639 pater
886 3550 1096 3638 ‚pupillorum

926 3671 943 3721 4
