<?xml version="1.0" encoding="UTF-8"?>
<!DOCTYPE html PUBLIC "-//W3C//DTD XHTML 1.0 Transitional//EN"
    "http://www.w3.org/TR/xhtml1/DTD/xhtml1-transitional.dtd">
<html xmlns="http://www.w3.org/1999/xhtml" xml:lang="en" lang="en">
 <head>
  <title>
</title>
<meta http-equiv="Content-Type" content="text/html;charset=utf-8" />
  <meta name='ocr-system' content='tesseract 3.04.00' />
  <meta name='ocr-capabilities' content='ocr_page ocr_carea ocr_par ocr_line ocrx_word'/>
</head>
<body>
  <div class='ocr_page' id='page_1' title='image "./historiarumlibr00eitngoog_0269.png"; bbox 0 0 2658 4250; ppageno 0'>
   <div class='ocr_carea' id='block_1_1' title="bbox 240 318 929 380">
    <p class='ocr_par' dir='ltr' id='par_1_1' title="bbox 240 318 929 380">
     <span class='ocr_line' id='line_1_1' title="bbox 240 318 929 380; baseline -0.009 0"><span class='ocrx_word' id='word_1_1' title='bbox 240 318 297 380; x_wconf 76' lang='lat'><strong>126</strong></span> <span class='ocrx_word' id='word_1_2' title='bbox 526 321 665 376; x_wconf 80' lang='lat' dir='ltr'><strong>JUS&#39;I&#39;INI</strong></span> <span class='ocrx_word' id='word_1_3' title='bbox 683 321 929 374; x_wconf 73' lang='lat' dir='ltr'><strong>masculanum</strong></span> 
     </span>
    </p>
   </div>
   <div class='ocr_carea' id='block_1_2' title="bbox 140 473 1222 1502">
    <p class='ocr_par' dir='ltr' id='par_1_2' title="bbox 190 473 1222 984">
     <span class='ocr_line' id='line_1_2' title="bbox 190 473 1222 561; baseline -0.003 -21"><span class='ocrx_word' id='word_1_4' title='bbox 190 483 226 540; x_wconf 81' lang='lat'><strong>21</strong></span> <span class='ocrx_word' id='word_1_5' title='bbox 302 475 342 540; x_wconf 93' lang='lat' dir='ltr'><strong>In</strong></span> <span class='ocrx_word' id='word_1_6' title='bbox 363 474 429 540; x_wconf 89' lang='lat' dir='ltr'><strong>alia</strong></span> <span class='ocrx_word' id='word_1_7' title='bbox 448 483 540 561; x_wconf 90' lang='lat' dir='ltr'><strong>parte</strong></span> <span class='ocrx_word' id='word_1_8' title='bbox 554 474 735 561; x_wconf 80' lang='lat' dir='ltr'><strong>Hispaniae</strong></span> <span class='ocrx_word' id='word_1_9' title='bbox 757 484 791 538; x_wconf 90' lang='lat' dir='ltr'><strong>et</strong></span> <span class='ocrx_word' id='word_1_10' title='bbox 808 473 844 538; x_wconf 91' lang='lat' dir='ltr'><strong>in</strong></span> <span class='ocrx_word' id='word_1_11' title='bbox 859 495 915 555; x_wconf 85' lang='lat' dir='ltr'><strong>ea,</strong></span> <span class='ocrx_word' id='word_1_12' title='bbox 935 495 1019 560; x_wconf 90' lang='lat' dir='ltr'><strong>quae</strong></span> <span class='ocrx_word' id='word_1_13' title='bbox 1039 494 1081 536; x_wconf 87' lang='lat' dir='ltr'><strong>ex</strong></span> <span class='ocrx_word' id='word_1_14' title='bbox 1096 473 1222 538; x_wconf 88' lang='lat' dir='ltr'><strong>insulis</strong></span> 
     </span>
     <span class='ocr_line' id='line_1_3' title="bbox 240 558 1222 646; baseline -0.002 -22"><span class='ocrx_word' id='word_1_15' title='bbox 240 569 381 643; x_wconf 88' lang='lat' dir='ltr'><strong>constat,</strong></span> <span class='ocrx_word' id='word_1_16' title='bbox 403 583 542 644; x_wconf 91' lang='lat' dir='ltr'><strong>regnum</strong></span> <span class='ocrx_word' id='word_1_17' title='bbox 563 581 664 645; x_wconf 79' lang='lat' dir='ltr'><strong>penes</strong></span> <span class='ocrx_word' id='word_1_18' title='bbox 681 559 868 646; x_wconf 83' lang='lat' dir='ltr'><strong>Geryonem</strong></span> <span class='ocrx_word' id='word_1_19' title='bbox 883 559 955 624; x_wconf 84' lang='lat' dir='ltr'><strong>fuit.</strong></span> <span class='ocrx_word' id='word_1_20' title='bbox 992 559 1031 624; x_wconf 93' lang='lat' dir='ltr'><strong>In</strong></span> <span class='ocrx_word' id='word_1_21' title='bbox 1047 558 1111 624; x_wconf 90' lang='lat' dir='ltr'><strong>hac</strong></span> <span class='ocrx_word' id='word_1_22' title='bbox 1124 567 1222 623; x_wconf 89' lang='lat' dir='ltr'><strong>tanta</strong></span> 
     </span>
     <span class='ocr_line' id='line_1_4' title="bbox 240 644 1222 731; baseline -0.002 -21"><span class='ocrx_word' id='word_1_23' title='bbox 240 645 354 731; x_wconf 80' lang='lat' dir='ltr'>pabuli</span> <span class='ocrx_word' id='word_1_24' title='bbox 378 645 502 710; x_wconf 87' lang='lat' dir='ltr'><strong>laetitia</strong></span> <span class='ocrx_word' id='word_1_25' title='bbox 524 658 587 725; x_wconf 83' lang='lat' dir='ltr'><strong>est,</strong></span> <span class='ocrx_word' id='word_1_26' title='bbox 614 655 664 726; x_wconf 86' lang='lat' dir='ltr'><strong>ut,</strong></span> <span class='ocrx_word' id='word_1_27' title='bbox 692 647 756 710; x_wconf 90' lang='lat' dir='ltr'><strong>nisi</strong></span> <span class='ocrx_word' id='word_1_28' title='bbox 783 644 981 712; x_wconf 78' lang='lat' dir='ltr'><strong>abstinentia</strong></span> <span class='ocrx_word' id='word_1_29' title='bbox 1007 644 1222 728; x_wconf 88' lang='lat' dir='ltr'><strong>interpellata</strong></span> 
     </span>
     <span class='ocr_line' id='line_1_5' title="bbox 240 729 1221 818; baseline -0.004 -20"><span class='ocrx_word' id='word_1_30' title='bbox 240 733 356 818; x_wconf 87' lang='lat' dir='ltr'><strong>sagina</strong></span> <span class='ocrx_word' id='word_1_31' title='bbox 376 731 489 812; x_wconf 84' lang='lat' dir='ltr'><strong>fuerit,</strong></span> <span class='ocrx_word' id='word_1_32' title='bbox 512 753 632 817; x_wconf 89' lang='lat' dir='ltr'><strong>pecora</strong></span> <span class='ocrx_word' id='word_1_33' title='bbox 652 753 725 796; x_wconf 90' lang='lat' dir='ltr'><strong>rum</strong></span> <span class='ocrx_word' id='word_1_34' title='bbox 750 740 856 796; x_wconf 88' lang='lat' dir='ltr'><strong>antur.</strong></span> <span class='ocrx_word' id='word_1_35' title='bbox 900 729 983 794; x_wconf 87' lang='lat' dir='ltr'><strong>Inde</strong></span> <span class='ocrx_word' id='word_1_36' title='bbox 1003 729 1146 816; x_wconf 89' lang='lat' dir='ltr'><strong>denique</strong></span> <span class='ocrx_word' id='word_1_37' title='bbox 1167 751 1221 796; x_wconf 87' lang='lat' dir='ltr'><strong>ar-</strong></span> 
     </span>
     <span class='ocr_line' id='line_1_6' title="bbox 239 753 1219 904; baseline -0.006 -22"><span class='ocrx_word' id='word_1_38' title='bbox 239 827 350 883; x_wconf 87' lang='lat' dir='ltr'><strong>menta</strong></span> <span class='ocrx_word' id='word_1_39' title='bbox 374 817 553 904; x_wconf 81' lang='lat' dir='ltr'><strong>Geryonis,</strong></span> <span class='ocrx_word' id='word_1_40' title='bbox 584 826 677 903; x_wconf 87' lang='lat' dir='ltr'><strong>quae&#39;</strong></span> <span class='ocrx_word' id='word_1_41' title='bbox 696 753 763 882; x_wconf 79' lang='lat' dir='ltr'><strong>iliis</strong></span> <span class='ocrx_word' id='word_1_42' title='bbox 792 815 994 902; x_wconf 77' lang='lat' dir='ltr'><strong>temporibus</strong></span> <span class='ocrx_word' id='word_1_43' title='bbox 1021 815 1219 900; x_wconf 82' lang='lat' dir='ltr'><strong>solac&#39;opes</strong></span> 
     </span>
     <span class='ocr_line' id='line_1_7' title="bbox 239 898 1221 984; baseline -0.004 -16"><span class='ocrx_word' id='word_1_44' title='bbox 239 902 455 983; x_wconf 79' lang='lat' dir='ltr'><strong>habebantur,</strong></span> <span class='ocrx_word' id='word_1_45' title='bbox 471 911 581 967; x_wconf 89' lang='lat' dir='ltr'><strong>tantae</strong></span> <span class='ocrx_word' id='word_1_46' title='bbox 595 903 703 967; x_wconf 85' lang='lat' dir='ltr'><strong>famae</strong></span> <span class='ocrx_word' id='word_1_47' title='bbox 718 903 818 984; x_wconf 87' lang='lat' dir='ltr'><strong>fuere,</strong></span> <span class='ocrx_word' id='word_1_48' title='bbox 833 912 872 966; x_wconf 88' lang='lat' dir='ltr'><strong>ut</strong></span> <span class='ocrx_word' id='word_1_49' title='bbox 885 898 1061 966; x_wconf 80' lang='lat' dir='ltr'><strong>Herculem</strong></span> <span class='ocrx_word' id='word_1_50' title='bbox 1078 923 1121 965; x_wconf 85' lang='lat' dir='ltr'><strong>ex</strong></span> <span class='ocrx_word' id='word_1_51' title='bbox 1134 901 1221 966; x_wconf 88' lang='lat' dir='ltr'><strong>Asia</strong></span> 
     </span>
    </p>

    <p class='ocr_par' dir='ltr' id='par_1_3' title="bbox 190 987 1219 1240">
     <span class='ocr_line' id='line_1_8' title="bbox 190 987 1219 1090; baseline -0.004 -36"><span class='ocrx_word' id='word_1_52' title='bbox 190 989 381 1090; x_wconf 69' lang='lat' dir='ltr'><strong>tipracdae</strong></span> <span class='ocrx_word' id='word_1_53' title='bbox 410 988 639 1074; x_wconf 83' lang='lat' dir='ltr'><strong>magnitudine</strong></span> <span class='ocrx_word' id='word_1_54' title='bbox 667 987 843 1054; x_wconf 84' lang='lat' dir='ltr'><strong>illexerint.</strong></span> <span class='ocrx_word' id='word_1_55' title='bbox 894 987 996 1053; x_wconf 92' lang='lat' dir='ltr'><strong>Porro</strong></span> <span class='ocrx_word' id='word_1_56' title='bbox 1027 987 1219 1072; x_wconf 80' lang='lat' dir='ltr'><strong>Geryonem</strong></span> 
     </span>
     <span class='ocr_line' id='line_1_9' title="bbox 238 1071 1218 1158; baseline -0.002 -20"><span class='ocrx_word' id='word_1_57' title='bbox 238 1098 250 1138; x_wconf 92' lang='lat'>1</span> <span class='ocrx_word' id='word_1_58' title='bbox 275 1097 347 1138; x_wconf 89' lang='lat' dir='ltr'><strong>sum</strong></span> <span class='ocrx_word' id='word_1_59' title='bbox 376 1095 444 1138; x_wconf 92' lang='lat' dir='ltr'><strong>non</strong></span> <span class='ocrx_word' id='word_1_60' title='bbox 473 1072 611 1158; x_wconf 90' lang='lat' dir='ltr'><strong>triplicis</strong></span> <span class='ocrx_word' id='word_1_61' title='bbox 645 1083 801 1155; x_wconf 87' lang='lat' dir='ltr'><strong>naturae,</strong></span> <span class='ocrx_word' id='word_1_62' title='bbox 836 1082 873 1137; x_wconf 92' lang='lat' dir='ltr'><strong>ut</strong></span> <span class='ocrx_word' id='word_1_63' title='bbox 901 1072 1021 1139; x_wconf 85' lang='lat' dir='ltr'><strong>fabulis</strong></span> <span class='ocrx_word' id='word_1_64' title='bbox 1054 1071 1218 1158; x_wconf 82' lang='lat' dir='ltr'><strong>proditur,</strong></span> 
     </span>
     <span class='ocr_line' id='line_1_10' title="bbox 238 1097 1219 1240; baseline -0.003 -16"><span class='ocrx_word' id='word_1_65' title='bbox 238 1097 340 1225; x_wconf 71' lang='lat' dir='ltr'><strong>liiisse</strong></span> <span class='ocrx_word' id='word_1_66' title='bbox 361 1159 471 1223; x_wconf 82' lang='lat' dir='ltr'><strong>ferunt</strong></span> <span class='ocrx_word' id='word_1_67' title='bbox 477 1209 486 1240; x_wconf 89' lang='lat'><strong>,</strong></span> <span class='ocrx_word' id='word_1_68' title='bbox 510 1159 568 1224; x_wconf 90' lang='lat' dir='ltr'><strong>sed</strong></span> <span class='ocrx_word' id='word_1_69' title='bbox 590 1169 656 1224; x_wconf 90' lang='lat' dir='ltr'><strong>tres</strong></span> <span class='ocrx_word' id='word_1_70' title='bbox 678 1161 792 1224; x_wconf 87' lang='lat' dir='ltr'><strong>fratres</strong></span> <span class='ocrx_word' id='word_1_71' title='bbox 811 1167 929 1240; x_wconf 63' lang='lat' dir='ltr'><strong>tantae,</strong></span> <span class='ocrx_word' id='word_1_72' title='bbox 944 1157 1138 1222; x_wconf 80' lang='lat' dir='ltr'><strong>concordiae</strong></span> <span class='ocrx_word' id='word_1_73' title='bbox 1161 1179 1219 1221; x_wconf 86' lang='lat' dir='ltr'><strong>ex-</strong></span> 
     </span>
    </p>

    <p class='ocr_par' dir='ltr' id='par_1_4' title="bbox 140 1243 1218 1502">
     <span class='ocr_line' id='line_1_11' title="bbox 140 1243 1218 1330; baseline -0.002 -21"><span class='ocrx_word' id='word_1_74' title='bbox 140 1251 158 1268; x_wconf 79' lang='lat'><strong><em>‘</em></strong></span> <span class='ocrx_word' id='word_1_75' title='bbox 239 1245 375 1325; x_wconf 87' lang='lat' dir='ltr'><strong>stitisse,</strong></span> <span class='ocrx_word' id='word_1_76' title='bbox 404 1254 441 1309; x_wconf 92' lang='lat' dir='ltr'><strong>ut</strong></span> <span class='ocrx_word' id='word_1_77' title='bbox 461 1267 528 1310; x_wconf 92' lang='lat' dir='ltr'><strong>uno</strong></span> <span class='ocrx_word' id='word_1_78' title='bbox 550 1247 660 1309; x_wconf 89' lang='lat' dir='ltr'><strong>animo</strong></span> <span class='ocrx_word' id='word_1_79' title='bbox 685 1266 797 1308; x_wconf 91' lang='lat' dir='ltr'><strong>omnes</strong></span> <span class='ocrx_word' id='word_1_80' title='bbox 821 1246 891 1330; x_wconf 89' lang='lat' dir='ltr'><strong>regi</strong></span> <span class='ocrx_word' id='word_1_81' title='bbox 913 1243 1124 1328; x_wconf 66' lang='lat' dir='ltr'><strong>viderentur,</strong></span> <span class='ocrx_word' id='word_1_82' title='bbox 1153 1265 1218 1308; x_wconf 89' lang='lat' dir='ltr'><strong>nec</strong></span> 
     </span>
     <span class='ocr_line' id='line_1_12' title="bbox 238 1328 1217 1415; baseline -0.004 -19"><span class='ocrx_word' id='word_1_83' title='bbox 238 1330 362 1396; x_wconf 88' lang='lat' dir='ltr'><strong>bellum</strong></span> <span class='ocrx_word' id='word_1_84' title='bbox 385 1352 440 1394; x_wconf 91' lang='lat' dir='ltr'><strong>eos</strong></span> <span class='ocrx_word' id='word_1_85' title='bbox 460 1330 598 1396; x_wconf 86' lang='lat' dir='ltr'><strong>Herculi</strong></span> <span class='ocrx_word' id='word_1_86' title='bbox 620 1353 681 1395; x_wconf 89' lang='lat' dir='ltr'><strong>sua</strong></span> <span class='ocrx_word' id='word_1_87' title='bbox 704 1339 820 1415; x_wconf 85' lang='lat' dir='ltr'><strong>sponte</strong></span> <span class='ocrx_word' id='word_1_88' title='bbox 841 1328 1008 1412; x_wconf 87' lang='lat' dir='ltr'><strong>intulisse,</strong></span> <span class='ocrx_word' id='word_1_89' title='bbox 1032 1329 1088 1392; x_wconf 90' lang='lat' dir='ltr'><strong>sed</strong></span> <span class='ocrx_word' id='word_1_90' title='bbox 1112 1351 1217 1415; x_wconf 91' lang='lat' dir='ltr'><strong>quum</strong></span> 
     </span>
     <span class='ocr_line' id='line_1_13' title="bbox 239 1415 1158 1502; baseline 0 -22"><span class='ocrx_word' id='word_1_91' title='bbox 239 1426 386 1480; x_wconf 88' lang='lat' dir='ltr'><strong>armenta</strong></span> <span class='ocrx_word' id='word_1_92' title='bbox 402 1438 462 1480; x_wconf 89' lang='lat' dir='ltr'><strong>sua</strong></span> <span class='ocrx_word' id='word_1_93' title='bbox 475 1417 548 1502; x_wconf 90' lang='lat' dir='ltr'><strong>rapi</strong></span> <span class='ocrx_word' id='word_1_94' title='bbox 562 1415 738 1496; x_wconf 83' lang='lat' dir='ltr'><strong>vidissent,</strong></span> <span class='ocrx_word' id='word_1_95' title='bbox 755 1416 876 1480; x_wconf 85' lang='lat' dir='ltr'><strong>amissa</strong></span> <span class='ocrx_word' id='word_1_96' title='bbox 890 1415 977 1481; x_wconf 90' lang='lat' dir='ltr'><strong>bello</strong></span> <span class='ocrx_word' id='word_1_97' title='bbox 992 1415 1158 1500; x_wconf 89' lang='lat' dir='ltr'><strong>repetisse.</strong></span> 
     </span>
    </p>
   </div>
   <div class='ocr_carea' id='block_1_3' title="bbox 272 1571 1182 1726">
    <p class='ocr_par' dir='ltr' id='par_1_5' title="bbox 272 1571 1182 1726">
     <span class='ocr_line' id='line_1_14' title="bbox 272 1571 1182 1726; baseline 0.004 -18"><span class='ocrx_word' id='word_1_98' title='bbox 272 1654 430 1726; x_wconf 78' lang='lat' dir='ltr'><strong>Hispania,</strong></span> <span class='ocrx_word' id='word_1_99' title='bbox 449 1571 901 1724; x_wconf 67' lang='lat' dir='ltr'><strong>Carthaginienslbrisderictis,</strong></span> <span class='ocrx_word' id='word_1_100' title='bbox 918 1654 955 1711; x_wconf 90' lang='lat' dir='ltr'><strong>flt</strong></span> <span class='ocrx_word' id='word_1_101' title='bbox 970 1655 1182 1714; x_wconf 78' lang='lat' dir='ltr'><strong>Romanorum.</strong></span> 
     </span>
    </p>
   </div>
   <div class='ocr_carea' id='block_1_4' title="bbox 99 1757 1218 3645">
    <p class='ocr_par' dir='ltr' id='par_1_6' title="bbox 190 1757 1218 2272">
     <span class='ocr_line' id='line_1_15' title="bbox 190 1757 1216 1844; baseline -0.002 -20"><span class='ocrx_word' id='word_1_102' title='bbox 190 1768 229 1826; x_wconf 76' lang='lat'><strong>23</strong></span> <span class='ocrx_word' id='word_1_103' title='bbox 302 1757 421 1822; x_wconf 89' lang='lat' dir='ltr'><strong>Postea</strong></span> <span class='ocrx_word' id='word_1_104' title='bbox 444 1757 733 1843; x_wconf 82' lang='lat' dir='ltr'><strong>Carthaginienses</strong></span> <span class='ocrx_word' id='word_1_105' title='bbox 760 1758 935 1844; x_wconf 90' lang='lat' dir='ltr'><strong>imperium</strong></span> <span class='ocrx_word' id='word_1_106' title='bbox 957 1757 1139 1843; x_wconf 89' lang='lat' dir='ltr'><strong>Hispaniae</strong></span> <span class='ocrx_word' id='word_1_107' title='bbox 1166 1779 1216 1824; x_wconf 92' lang='lat' dir='ltr'><strong>oc·</strong></span> 
     </span>
     <span class='ocr_line' id='line_1_16' title="bbox 240 1842 1218 1930; baseline -0.001 -22"><span class='ocrx_word' id='word_1_108' title='bbox 240 1866 412 1929; x_wconf 87' lang='lat' dir='ltr'><strong>cupavere.</strong></span> <span class='ocrx_word' id='word_1_109' title='bbox 456 1844 540 1908; x_wconf 90' lang='lat' dir='ltr'><strong>Nam</strong></span> <span class='ocrx_word' id='word_1_110' title='bbox 572 1865 674 1930; x_wconf 90' lang='lat' dir='ltr'><strong>quum</strong></span> <span class='ocrx_word' id='word_1_111' title='bbox 702 1842 860 1908; x_wconf 87' lang='lat' dir='ltr'><strong>Gaditani</strong></span> <span class='ocrx_word' id='word_1_112' title='bbox 886 1866 906 1907; x_wconf 93' lang='lat' dir='ltr'><strong>a</strong></span> <span class='ocrx_word' id='word_1_113' title='bbox 932 1844 1039 1930; x_wconf 88' lang='lat' dir='ltr'><strong>Tyro,</strong></span> <span class='ocrx_word' id='word_1_114' title='bbox 1070 1845 1158 1908; x_wconf 93' lang='lat' dir='ltr'><strong>unde</strong></span> <span class='ocrx_word' id='word_1_115' title='bbox 1184 1855 1218 1908; x_wconf 92' lang='lat' dir='ltr'><strong>et</strong></span> 
     </span>
     <span class='ocr_line' id='line_1_17' title="bbox 240 1929 1216 2015; baseline -0.004 -19"><span class='ocrx_word' id='word_1_116' title='bbox 240 1929 570 2015; x_wconf 84' lang='lat' dir='ltr'><strong>Carthaginiensibus</strong></span> <span class='ocrx_word' id='word_1_117' title='bbox 596 1930 687 2014; x_wconf 91' lang='lat' dir='ltr'><strong>origo</strong></span> <span class='ocrx_word' id='word_1_118' title='bbox 715 1938 780 2010; x_wconf 88' lang='lat' dir='ltr'><strong>est,</strong></span> <span class='ocrx_word' id='word_1_119' title='bbox 808 1951 902 1993; x_wconf 88' lang='lat' dir='ltr'><strong>sacra</strong></span> <span class='ocrx_word' id='word_1_120' title='bbox 922 1929 1075 1994; x_wconf 88' lang='lat' dir='ltr'><strong>Herculis</strong></span> <span class='ocrx_word' id='word_1_121' title='bbox 1101 1930 1136 1992; x_wconf 94' lang='lat' dir='ltr'><strong>in</strong></span> <span class='ocrx_word' id='word_1_122' title='bbox 1158 1929 1216 1994; x_wconf 91' lang='lat' dir='ltr'><strong>Hi·</strong></span> 
     </span>
     <span class='ocr_line' id='line_1_18' title="bbox 239 2013 1215 2102; baseline -0.002 -22"><span class='ocrx_word' id='word_1_123' title='bbox 239 2017 389 2102; x_wconf 89' lang='lat' dir='ltr'><strong>spaniam</strong></span> <span class='ocrx_word' id='word_1_124' title='bbox 418 2015 663 2080; x_wconf 86' lang='lat' dir='ltr'><strong>transtulissent</strong></span> <span class='ocrx_word' id='word_1_125' title='bbox 696 2013 878 2101; x_wconf 86' lang='lat' dir='ltr'><strong>urbemque</strong></span> <span class='ocrx_word' id='word_1_126' title='bbox 907 2014 954 2080; x_wconf 94' lang='lat' dir='ltr'><strong>ibi</strong></span> <span class='ocrx_word' id='word_1_127' title='bbox 983 2014 1215 2094; x_wconf 89' lang='lat' dir='ltr'><strong>condidissent,</strong></span> 
     </span>
     <span class='ocr_line' id='line_1_19' title="bbox 239 2099 1215 2188; baseline 0 -24"><span class='ocrx_word' id='word_1_128' title='bbox 239 2101 387 2164; x_wconf 88' lang='lat' dir='ltr'><strong>finitimis</strong></span> <span class='ocrx_word' id='word_1_129' title='bbox 404 2099 586 2188; x_wconf 86' lang='lat' dir='ltr'><strong>Hispaniae</strong></span> <span class='ocrx_word' id='word_1_130' title='bbox 608 2100 740 2186; x_wconf 91' lang='lat' dir='ltr'><strong>populis</strong></span> <span class='ocrx_word' id='word_1_131' title='bbox 763 2122 869 2166; x_wconf 89' lang='lat' dir='ltr'><strong>novae</strong></span> <span class='ocrx_word' id='word_1_132' title='bbox 891 2100 983 2166; x_wconf 85' lang='lat' dir='ltr'><strong>urbis</strong></span> <span class='ocrx_word' id='word_1_133' title='bbox 1005 2101 1215 2165; x_wconf 85' lang='lat' dir='ltr'><strong>incrementis</strong></span> 
     </span>
     <span class='ocr_line' id='line_1_20' title="bbox 239 2185 1216 2272; baseline -0.001 -21"><span class='ocrx_word' id='word_1_134' title='bbox 239 2185 465 2252; x_wconf 86' lang='lat' dir='ltr'><strong>invidentibus</strong></span> <span class='ocrx_word' id='word_1_135' title='bbox 482 2207 520 2248; x_wconf 87' lang='lat' dir='ltr'><strong>ac</strong></span> <span class='ocrx_word' id='word_1_136' title='bbox 539 2196 712 2272; x_wconf 90' lang='lat' dir='ltr'><strong>propterea</strong></span> <span class='ocrx_word' id='word_1_137' title='bbox 727 2186 908 2251; x_wconf 89' lang='lat' dir='ltr'><strong>Gaditanos</strong></span> <span class='ocrx_word' id='word_1_138' title='bbox 929 2185 1016 2252; x_wconf 93' lang='lat' dir='ltr'><strong>bello</strong></span> <span class='ocrx_word' id='word_1_139' title='bbox 1032 2186 1216 2252; x_wconf 89' lang='lat' dir='ltr'><strong>lacessenti-</strong></span> 
     </span>
    </p>

    <p class='ocr_par' dir='ltr' id='par_1_7' title="bbox 155 2271 1215 2530">
     <span class='ocr_line' id='line_1_21' title="bbox 155 2271 1213 2357; baseline -0.001 -20"><span class='ocrx_word' id='word_1_140' title='bbox 155 2319 158 2326; x_wconf 83' lang='lat'>·</span> <span class='ocrx_word' id='word_1_141' title='bbox 238 2272 317 2352; x_wconf 82' lang='lat' dir='ltr'><strong>bue,</strong></span> <span class='ocrx_word' id='word_1_142' title='bbox 334 2271 496 2335; x_wconf 88' lang='lat' dir='ltr'><strong>auxilium</strong></span> <span class='ocrx_word' id='word_1_143' title='bbox 512 2273 766 2355; x_wconf 86' lang='lat' dir='ltr'><strong>consanguineis</strong></span> <span class='ocrx_word' id='word_1_144' title='bbox 782 2271 1071 2357; x_wconf 85' lang='lat' dir='ltr'><strong>Carthaginienses</strong></span> <span class='ocrx_word' id='word_1_145' title='bbox 1087 2273 1213 2337; x_wconf 86' lang='lat' dir='ltr'><strong>misere.</strong></span> 
     </span>
     <span class='ocr_line' id='line_1_22' title="bbox 237 2357 1215 2458; baseline -0.004 -32"><span class='ocrx_word' id='word_1_146' title='bbox 237 2357 292 2426; x_wconf 91' lang='lat' dir='ltr'><strong>Ibi</strong></span> <span class='ocrx_word' id='word_1_147' title='bbox 313 2357 402 2422; x_wconf 85' lang='lat' dir='ltr'><strong>felici</strong></span> <span class='ocrx_word' id='word_1_148' title='bbox 425 2357 635 2442; x_wconf 88' lang='lat' dir='ltr'><strong>expeditione</strong></span> <span class='ocrx_word' id='word_1_149' title='bbox 655 2369 688 2422; x_wconf 89' lang='lat' dir='ltr'><strong>et</strong></span> <span class='ocrx_word' id='word_1_150' title='bbox 703 2357 885 2424; x_wconf 88' lang='lat' dir='ltr'><strong>Gaditanos</strong></span> <span class='ocrx_word' id='word_1_151' title='bbox 905 2359 946 2422; x_wconf 88' lang='lat' dir='ltr'><strong>ab</strong></span> <span class='ocrx_word' id='word_1_152' title='bbox 970 2359 1091 2458; x_wconf 83' lang='lat' dir='ltr'><strong>injuria</strong></span> <span class='ocrx_word' id='word_1_153' title='bbox 1111 2357 1215 2422; x_wconf 83' lang='lat' dir='ltr'><strong>vindi·</strong></span> 
     </span>
     <span class='ocr_line' id='line_1_23' title="bbox 240 2445 1214 2530; baseline 0.001 -23"><span class='ocrx_word' id='word_1_154' title='bbox 240 2453 398 2508; x_wconf 84' lang='lat' dir='ltr'><strong>caverunt</strong></span> <span class='ocrx_word' id='word_1_155' title='bbox 418 2454 451 2508; x_wconf 87' lang='lat' dir='ltr'><strong>et</strong></span> <span class='ocrx_word' id='word_1_156' title='bbox 466 2445 621 2530; x_wconf 91' lang='lat' dir='ltr'><strong>majorem</strong></span> <span class='ocrx_word' id='word_1_157' title='bbox 644 2454 770 2528; x_wconf 86' lang='lat' dir='ltr'><strong>partem</strong></span> <span class='ocrx_word' id='word_1_158' title='bbox 787 2445 977 2528; x_wconf 87' lang='lat' dir='ltr'><strong>provinciae</strong></span> <span class='ocrx_word' id='word_1_159' title='bbox 999 2445 1214 2528; x_wconf 79' lang='lat' dir='ltr'><strong>imperiosae</strong></span> 
     </span>
    </p>

    <p class='ocr_par' dir='ltr' id='par_1_8' title="bbox 190 2529 1216 2786">
     <span class='ocr_line' id='line_1_24' title="bbox 190 2529 1216 2617; baseline -0.004 -21"><span class='ocrx_word' id='word_1_160' title='bbox 190 2529 440 2617; x_wconf 76' lang='lat' dir='ltr'><strong>24adjeccrunt.</strong></span> <span class='ocrx_word' id='word_1_161' title='bbox 478 2529 597 2594; x_wconf 89' lang='lat' dir='ltr'><strong>Postea</strong></span> <span class='ocrx_word' id='word_1_162' title='bbox 616 2551 765 2616; x_wconf 91' lang='lat' dir='ltr'><strong>quoque,</strong></span> <span class='ocrx_word' id='word_1_163' title='bbox 789 2529 995 2600; x_wconf 90' lang='lat' dir='ltr'><strong>hortantibus</strong></span> <span class='ocrx_word' id='word_1_164' title='bbox 1017 2531 1143 2616; x_wconf 89' lang='lat' dir='ltr'><strong>primae</strong></span> <span class='ocrx_word' id='word_1_165' title='bbox 1163 2552 1216 2594; x_wconf 87' lang='lat' dir='ltr'><strong>ex-</strong></span> 
     </span>
     <span class='ocr_line' id='line_1_25' title="bbox 239 2614 1214 2701; baseline 0 -21"><span class='ocrx_word' id='word_1_166' title='bbox 239 2615 416 2701; x_wconf 88' lang='lat' dir='ltr'><strong>peditionis</strong></span> <span class='ocrx_word' id='word_1_167' title='bbox 439 2615 612 2701; x_wconf 88' lang='lat' dir='ltr'><strong>auspiciis,</strong></span> <span class='ocrx_word' id='word_1_168' title='bbox 637 2614 859 2680; x_wconf 88' lang='lat' dir='ltr'><strong>Hamilcarem</strong></span> <span class='ocrx_word' id='word_1_169' title='bbox 885 2615 1113 2700; x_wconf 87' lang='lat' dir='ltr'><strong>imperatorem</strong></span> <span class='ocrx_word' id='word_1_170' title='bbox 1141 2637 1214 2680; x_wconf 91' lang='lat' dir='ltr'><strong>cum</strong></span> 
     </span>
     <span class='ocr_line' id='line_1_26' title="bbox 240 2700 1214 2786; baseline 0 -22"><span class='ocrx_word' id='word_1_171' title='bbox 240 2723 361 2785; x_wconf 79' lang='lat' dir='ltr'><strong>magna</strong></span> <span class='ocrx_word' id='word_1_172' title='bbox 390 2723 490 2764; x_wconf 90' lang='lat' dir='ltr'><strong>manu</strong></span> <span class='ocrx_word' id='word_1_173' title='bbox 521 2700 564 2765; x_wconf 87' lang='lat' dir='ltr'><strong>ad</strong></span> <span class='ocrx_word' id='word_1_174' title='bbox 593 2700 819 2785; x_wconf 88' lang='lat' dir='ltr'><strong>occupandam</strong></span> <span class='ocrx_word' id='word_1_175' title='bbox 854 2701 1057 2786; x_wconf 88' lang='lat' dir='ltr'><strong>provinciam</strong></span> <span class='ocrx_word' id='word_1_176' title='bbox 1087 2701 1214 2782; x_wconf 88' lang='lat' dir='ltr'><strong>misere,</strong></span> 
     </span>
    </p>

    <p class='ocr_par' dir='ltr' id='par_1_9' title="bbox 241 2785 1213 2872">
     <span class='ocr_line' id='line_1_27' title="bbox 241 2785 1213 2872; baseline -0.001 -23"><span class='ocrx_word' id='word_1_177' title='bbox 241 2787 312 2872; x_wconf 90' lang='lat' dir='ltr'><strong>qui,</strong></span> <span class='ocrx_word' id='word_1_178' title='bbox 333 2787 462 2870; x_wconf 87' lang='lat' dir='ltr'><strong>magnis</strong></span> <span class='ocrx_word' id='word_1_179' title='bbox 479 2785 577 2852; x_wconf 92' lang='lat' dir='ltr'><strong>rebus</strong></span> <span class='ocrx_word' id='word_1_180' title='bbox 593 2786 709 2872; x_wconf 89' lang='lat' dir='ltr'><strong>gestis,</strong></span> <span class='ocrx_word' id='word_1_181' title='bbox 724 2786 802 2850; x_wconf 89' lang='lat' dir='ltr'><strong>dum</strong></span> <span class='ocrx_word' id='word_1_182' title='bbox 818 2786 981 2852; x_wconf 86' lang='lat' dir='ltr'><strong>fortunam</strong></span> <span class='ocrx_word' id='word_1_183' title='bbox 997 2786 1213 2852; x_wconf 88' lang='lat' dir='ltr'><strong>inconsultius</strong></span> 
     </span>
    </p>

    <p class='ocr_par' dir='ltr' id='par_1_10' title="bbox 100 2871 1215 3044">
     <span class='ocr_line' id='line_1_28' title="bbox 100 2871 1213 2959; baseline -0.005 -18"><span class='ocrx_word' id='word_1_184' title='bbox 100 2878 173 2941; x_wconf 88' lang='lat'><strong><em>237.</em></strong></span> <span class='ocrx_word' id='word_1_185' title='bbox 191 2872 406 2958; x_wconf 77' lang='lat' dir='ltr'><strong>assequitur,</strong></span> <span class='ocrx_word' id='word_1_186' title='bbox 432 2871 466 2934; x_wconf 92' lang='lat' dir='ltr'><strong>in</strong></span> <span class='ocrx_word' id='word_1_187' title='bbox 490 2872 629 2936; x_wconf 88' lang='lat' dir='ltr'><strong>insidias</strong></span> <span class='ocrx_word' id='word_1_188' title='bbox 657 2871 816 2937; x_wconf 88' lang='lat' dir='ltr'><strong>deductus</strong></span> <span class='ocrx_word' id='word_1_189' title='bbox 843 2871 1011 2937; x_wconf 88' lang='lat' dir='ltr'><strong>occiditur.</strong></span> <span class='ocrx_word' id='word_1_190' title='bbox 1056 2872 1213 2959; x_wconf 84' lang='lat' dir='ltr'><strong>inhujus</strong></span> 
     </span>
     <span class='ocr_line' id='line_1_29' title="bbox 241 2956 1215 3044; baseline 0.001 -24"><span class='ocrx_word' id='word_1_191' title='bbox 241 2956 349 3022; x_wconf 91' lang='lat' dir='ltr'><strong>locum</strong></span> <span class='ocrx_word' id='word_1_192' title='bbox 389 2978 468 3022; x_wconf 89' lang='lat' dir='ltr'><strong>ener</strong></span> <span class='ocrx_word' id='word_1_193' title='bbox 487 2957 590 3042; x_wconf 88' lang='lat' dir='ltr'><strong>ipsius</strong></span> <span class='ocrx_word' id='word_1_194' title='bbox 606 2957 797 3022; x_wconf 86' lang='lat' dir='ltr'><strong>Hasdrubal</strong></span> <span class='ocrx_word' id='word_1_195' title='bbox 817 2959 971 3038; x_wconf 88' lang='lat' dir='ltr'><strong>mittitur,</strong></span> <span class='ocrx_word' id='word_1_196' title='bbox 993 2959 1050 3044; x_wconf 91' lang='lat' dir='ltr'><strong>qui</strong></span> <span class='ocrx_word' id='word_1_197' title='bbox 1065 2958 1181 3044; x_wconf 86' lang='lat' dir='ltr'><strong>etipse</strong></span> <span class='ocrx_word' id='word_1_198' title='bbox 1196 2980 1215 3021; x_wconf 88' lang='lat' dir='ltr'><strong>a</strong></span> 
     </span>
    </p>

    <p class='ocr_par' dir='ltr' id='par_1_11' title="bbox 241 3042 1213 3130">
     <span class='ocr_line' id='line_1_30' title="bbox 241 3042 1213 3130; baseline -0.001 -23"><span class='ocrx_word' id='word_1_199' title='bbox 241 3065 335 3108; x_wconf 83' lang='lat' dir='ltr'><strong>servo</strong></span> <span class='ocrx_word' id='word_1_200' title='bbox 385 3042 494 3130; x_wconf 84' lang='lat' dir='ltr'><strong>ispani</strong></span> <span class='ocrx_word' id='word_1_201' title='bbox 516 3044 702 3130; x_wconf 89' lang='lat' dir='ltr'><strong>cujusdam,</strong></span> <span class='ocrx_word' id='word_1_202' title='bbox 727 3043 906 3109; x_wconf 85' lang='lat' dir='ltr'><strong>ulciscente</strong></span> <span class='ocrx_word' id='word_1_203' title='bbox 922 3044 1046 3108; x_wconf 91' lang='lat' dir='ltr'><strong>domini</strong></span> <span class='ocrx_word' id='word_1_204' title='bbox 1060 3045 1213 3130; x_wconf 87' lang='lat' dir='ltr'><strong>injustam</strong></span> 
     </span>
    </p>

    <p class='ocr_par' dir='ltr' id='par_1_12' title="bbox 99 3128 1214 3474">
     <span class='ocr_line' id='line_1_31' title="bbox 99 3128 1214 3216; baseline -0.004 -18"><span class='ocrx_word' id='word_1_205' title='bbox 99 3136 173 3198; x_wconf 86' lang='lat'><em>221.</em></span> <span class='ocrx_word' id='word_1_206' title='bbox 191 3139 230 3197; x_wconf 76' lang='grc'><strong>26</strong></span> <span class='ocrx_word' id='word_1_207' title='bbox 240 3150 374 3210; x_wconf 91' lang='lat' dir='ltr'><strong>necem,</strong></span> <span class='ocrx_word' id='word_1_208' title='bbox 404 3129 593 3195; x_wconf 89' lang='lat' dir='ltr'><strong>interfectus</strong></span> <span class='ocrx_word' id='word_1_209' title='bbox 625 3140 681 3196; x_wconf 87' lang='lat' dir='ltr'><strong>est.</strong></span> <span class='ocrx_word' id='word_1_210' title='bbox 745 3129 851 3216; x_wconf 88' lang='lat' dir='ltr'><strong>Major</strong></span> <span class='ocrx_word' id='word_1_211' title='bbox 879 3139 1018 3216; x_wconf 90' lang='lat' dir='ltr'><strong>utroque</strong></span> <span class='ocrx_word' id='word_1_212' title='bbox 1047 3128 1214 3194; x_wconf 89' lang='lat' dir='ltr'><strong>Hannibal</strong></span> 
     </span>
     <span class='ocr_line' id='line_1_32' title="bbox 222 3215 1214 3302; baseline -0.004 -20"><span class='ocrx_word' id='word_1_213' title='bbox 222 3217 437 3302; x_wconf 80' lang='lat' dir='ltr'><strong>imperator,</strong></span> <span class='ocrx_word' id='word_1_214' title='bbox 473 3215 670 3280; x_wconf 89' lang='lat' dir='ltr'><strong>Hamilcaris</strong></span> <span class='ocrx_word' id='word_1_215' title='bbox 700 3215 808 3298; x_wconf 90' lang='lat' dir='ltr'><strong>filius,</strong></span> <span class='ocrx_word' id='word_1_216' title='bbox 839 3215 994 3280; x_wconf 87' lang='lat' dir='ltr'><strong>succedit.</strong></span> <span class='ocrx_word' id='word_1_217' title='bbox 1046 3215 1214 3302; x_wconf 88' lang='lat' dir='ltr'><strong>Siquidem</strong></span> 
     </span>
     <span class='ocr_line' id='line_1_33' title="bbox 240 3301 1213 3388; baseline -0.003 -22"><span class='ocrx_word' id='word_1_218' title='bbox 240 3303 415 3387; x_wconf 87' lang='lat' dir='ltr'><strong>utriusque</strong></span> <span class='ocrx_word' id='word_1_219' title='bbox 444 3324 496 3366; x_wconf 89' lang='lat' dir='ltr'><strong>res</strong></span> <span class='ocrx_word' id='word_1_220' title='bbox 523 3311 632 3388; x_wconf 86' lang='lat' dir='ltr'><strong>gestas</strong></span> <span class='ocrx_word' id='word_1_221' title='bbox 663 3324 914 3388; x_wconf 88' lang='lat' dir='ltr'><strong>supergressus,</strong></span> <span class='ocrx_word' id='word_1_222' title='bbox 944 3302 1132 3366; x_wconf 87' lang='lat' dir='ltr'><strong>universam</strong></span> <span class='ocrx_word' id='word_1_223' title='bbox 1159 3301 1213 3364; x_wconf 90' lang='lat' dir='ltr'><strong>Hi·</strong></span> 
     </span>
     <span class='ocr_line' id='line_1_34' title="bbox 240 3386 1213 3474; baseline -0.002 -22"><span class='ocrx_word' id='word_1_224' title='bbox 240 3389 388 3474; x_wconf 90' lang='lat' dir='ltr'><strong>spaniam</strong></span> <span class='ocrx_word' id='word_1_225' title='bbox 412 3387 553 3468; x_wconf 68' lang='lat' dir='ltr'><strong>domuit,</strong></span> <span class='ocrx_word' id='word_1_226' title='bbox 574 3387 651 3454; x_wconf 91' lang='lat' dir='ltr'><strong>inde</strong></span> <span class='ocrx_word' id='word_1_227' title='bbox 666 3387 823 3452; x_wconf 88' lang='lat' dir='ltr'><strong>Romanis</strong></span> <span class='ocrx_word' id='word_1_228' title='bbox 845 3387 937 3452; x_wconf 88' lang='lat' dir='ltr'><strong>illato</strong></span> <span class='ocrx_word' id='word_1_229' title='bbox 959 3386 1064 3466; x_wconf 84' lang='lat' dir='ltr'><strong>belle,</strong></span> <span class='ocrx_word' id='word_1_230' title='bbox 1087 3386 1213 3451; x_wconf 87' lang='lat' dir='ltr'><strong>ltaliam</strong></span> 
     </span>
    </p>

    <p class='ocr_par' dir='ltr' id='par_1_13' title="bbox 238 3473 1213 3645">
     <span class='ocr_line' id='line_1_35' title="bbox 238 3473 1213 3560; baseline -0.002 -23"><span class='ocrx_word' id='word_1_231' title='bbox 238 3496 299 3560; x_wconf 90' lang='lat' dir='ltr'><strong>per</strong></span> <span class='ocrx_word' id='word_1_232' title='bbox 321 3495 425 3538; x_wconf 89' lang='lat' dir='ltr'><strong>annos</strong></span> <span class='ocrx_word' id='word_1_233' title='bbox 449 3473 615 3542; x_wconf 86' lang='lat' dir='ltr'><strong>sexdecim</strong></span> <span class='ocrx_word' id='word_1_234' title='bbox 632 3474 733 3538; x_wconf 88' lang='lat' dir='ltr'><strong>variis</strong></span> <span class='ocrx_word' id='word_1_235' title='bbox 750 3473 898 3540; x_wconf 88' lang='lat' dir='ltr'><strong>cladibus</strong></span> <span class='ocrx_word' id='word_1_236' title='bbox 918 3473 1085 3559; x_wconf 80' lang='lat' dir='ltr'><strong>fatigavit:</strong></span> <span class='ocrx_word' id='word_1_237' title='bbox 1114 3494 1213 3559; x_wconf 91' lang='lat' dir='ltr'><strong>quum</strong></span> 
     </span>
     <span class='ocr_line' id='line_1_36' title="bbox 239 3559 1213 3645; baseline -0.002 -23"><span class='ocrx_word' id='word_1_238' title='bbox 239 3561 365 3623; x_wconf 90' lang='lat' dir='ltr'><strong>interea</strong></span> <span class='ocrx_word' id='word_1_239' title='bbox 389 3559 549 3640; x_wconf 86' lang='lat' dir='ltr'><strong>Romani,</strong></span> <span class='ocrx_word' id='word_1_240' title='bbox 580 3559 687 3624; x_wconf 90' lang='lat' dir='ltr'><strong>missis</strong></span> <span class='ocrx_word' id='word_1_241' title='bbox 713 3559 748 3623; x_wconf 90' lang='lat' dir='ltr'><strong>in</strong></span> <span class='ocrx_word' id='word_1_242' title='bbox 774 3559 969 3644; x_wconf 85' lang='lat' dir='ltr'><strong>Hispaniam</strong></span> <span class='ocrx_word' id='word_1_243' title='bbox 995 3559 1213 3645; x_wconf 79' lang='lat' dir='ltr'><strong>Scipionibus,</strong></span> 
     </span>
    </p>
   </div>
   <div class='ocr_carea' id='block_1_5' title="bbox 0 0 1334 4247">
    <p class='ocr_par' dir='ltr' id='par_1_14' title="bbox 0 0 1334 4247">
     <span class='ocr_line' id='line_1_37' title="bbox 0 0 1334 4247; baseline 0 0"><span class='ocrx_word' id='word_1_244' title='bbox 0 0 1334 4247; x_wconf 95' lang='lat' dir='ltr'><strong> </strong></span> 
     </span>
    </p>
   </div>
  </div>
 </body>
</html>
