2678 4246
506 317 615 368 LIBER
631 315 754 367 XXXVI.
1081 311 1119 372 87

123 467 227 532 filios
248 468 370 532 sororis
393 466 529 547 alterius
544 464 717 544 Laodices,
740 466 834 549 cujus
859 465 967 534 virum
989 465 1120 528 Ariara-

126 553 240 633 them,
256 573 367 636 regem
385 551 625 636 Cappadociae,
641 572 701 634 per
713 549 874 614 Gordium
890 549 1021 614 insidiis
1037 550 1120 613 oeci-

127 637 242 717 derat,
259 637 421 701 tullendos
438 637 565 719 statuit3
581 635 666 699 nihil
683 645 792 699 actum
807 657 879 699 esse
895 644 999 698 morte
1017 635 1119 721 patris

131 723 348 802 existimans,
372 723 400 786 si
423 721 646 786 adolescentes
661 723 835 804 paternum
852 743 1002 805 regnum,
1026 720 1120 782 cu'us

129 805 196 870 illc
219 808 398 890 cupiditate
421 806 597 890 flagrabat,
621 814 846 891 occupassent.
899 806 989 870 Dum
1010 806 1045 868 in
1063 743 1170 870 irisan

131 891 395 974 cogitationibus
405 900 565 969 versatur,
578 892 710 954 interim
718 871 925 970 Nicomedes,
938 911 998 954 rex
1006 887 1119 974 Bithy-

133 978 226 1056 niae,
238 997 378 1042 vacuam
391 986 493 1041 morte
505 978 592 1060 regis
605 975 653 1040 Ca
677 975 849 1061 padociam
862 974 997 1040 invadit.
1022 974 1119 1056 Quod

133 1083 244 1148 quum
259 1063 453 1126 nunciatum
468 1062 584 1126 fuisset
597 999 791 1141 Mithridati,
830 1083 866 1125 er
877 1060 1119 1125 simulationem

162 1148 272 1210 ietatis
300 1146 425 1210 auxilia
450 1147 554 1210 sorori
580 1145 623 1210 ad
649 1084 884 1230 expellendum
909 1145 1120 1232 Cappadocia
1190 1157 1194 1162 '

171 1231 355 1295 icomedem
378 1232 485 1296 mittit.
530 1230 596 1296 Sed
613 1231 685 1317 jem
700 1229 844 1296 Laodice
858 1253 918 1318 per
932 1231 1116 1316 pactionem

138 1337 174 1380 se
189 1315 364 1381 Nicomedi
378 1317 413 1380 in
429 1316 674 1380 matrimonium
690 1315 878 1381 tradiderat.
908 1315 1008 1396 Quod
1021 1336 1119 1399 aegre

110 1401 249 1466 .i'erens
272 1401 481 1466 Mithridates
508 1400 675 1485 praesidia
696 1400 885 1465 Nicomedis
909 1399 1119 1488 Cappadocia

138 1485 286 1570 expellit,
309 1507 516 1572 regnumque
538 1487 659 1549 sororis
681 1485 750 1550 filio
765 1487 924 1550 restituit:
949 1487 1119 1570 egregium

137 1593 276 1670 prorsus
296 1571 429 1650 factum,
451 1571 487 1635 ni
512 1571 690 1634 subsecuta
704 1579 789 1635 esset
804 1571 903 1636 fraus.
948 1569 1119 1654 Siquidem
1131 1581 1169 1636 23

138 1656 321 1742 mterjectis
332 1655 501 1722 mensibus
510 1654 653 1736 simulat,
666 1654 882 1737 seCordinm,
896 1655 1119 1740 quoministro
1168 1699 1170 1704 ·

139 1761 222 1804 usus
246 1741 354 1805 fuerat
374 1742 410 1806 in
429 1740 605 1806 Ariarathe
627 1740 865 1822 interficiendo,
888 1741 1063 1804 restituere
1083 1742 1118 1803 in

164 1825 281 1890 atriam
292 1825 388 1908 velle,
401 1845 547 1912 sperans,
563 1827 591 1890 si
603 1826 776 1890 obsisteret
786 1825 987 1905 adolescens,
1003 1846 1119 1890 causas

138 1849 222 1974 belii
237 1912 374 1991 futuras,
397 1920 455 1975 aut
470 1911 498 1974 si
513 1911 726 1998 permitteret,
741 1911 847 1974 filium
863 1909 936 1975 tolli
951 1931 1046 1994 posse
1060 1932 1120 1997 per

140 1995 293 2075 eundem,
303 2017 364 2080 per
374 1997 830 2082 queminterfeeeratpatrem.
855 1995 1019 2076 Quodubi
1027 1995 1119 2058 Aria
1130 2005 1170 2060 24

139 2078 250 2144 rathes
266 2082 383 2166 junior
401 2081 511 2145 moliri
526 2082 698 2165 cognovit,
722 2082 866 2166 graviter
879 2081 999 2161 ferens,
1021 2081 1120 2144 inter-

140 2166 297 2229 fectorem
312 2166 416 2252 patris
431 2189 491 2252 per
505 2166 709 2230 avunculum
724 2167 932 2252 potissimum
949 2165 990 2229 ab
1003 2165 1119 2230 exsilio

139 2252 299 2332 revocari,
314 2253 484 2336 ingentem
496 2253 678 2316 exercitum
691 2252 862 2316 contrahit.
894 2250 1006 2331 Quum
1018 2251 1120 2334 igitur

139 2336 177 2398 in
192 2336 296 2399 aciem
309 2336 481 2400 eduxisset
490 2335 697 2400 Mithridates
711 2335 861 2420 peditum
870 2337 1039 2421 octoginta
1050 2335 1120 2398 mil-

140 2420 196 2500 lia,
220 2421 367 2505 equiturn
384 2421 498 2485 decem
512 2421 628 2502 millia,
653 2443 768 2485 currus
785 2421 921 2485 falcatos
937 2429 1119 2502 sexcentos,

139 2525 203 2569 nec
214 2504 391 2586 Ariarathi,
405 2505 643 2571 auxiliantibus
655 2505 804 2570 finitimis
816 2505 961 2590 regibus,
975 2507 1118 2570 minores

140 2592 256 2674 copiae
272 2599 397 2656 essent:
413 2591 575 2656 incertum
590 2590 671 2656 belli
683 2600 838 2655 eventum
850 2593 969 2654 timens
982 2589 1121 2655 consilia

140 2675 185 2740 ad
199 2675 336 2741 insidias
356 2677 511 2741 transfert
525 2685 558 2741 et
566 2678 725 2762 juvenem
743 2685 931 2740 sevocatum
947 2675 989 2739 ab
1005 2677 1119 2740 amieis

139 2758 234 2825 velut
262 2759 302 2826 ad
334 2771 495 2826 secretum
522 2783 721 2841 sermonem,
747 2761 954 2846 inspectante
980 2769 1119 2848 utroque

139 2845 305 2920 exercitu,
328 2845 493 2910 interficit.
541 2845 693 2932 Regnum
717 2846 948 2933 Cappadociae
970 2855 1042 2911 octo
1065 2869 1120 2910 an·

140 2953 258 2994 norum
270 2931 349 3011 filio,
360 2932 514 3031 imposito
522 2930 708 2998 Ariarathis
716 2934 861 3013 nomine,
875 2930 986 2996 addito
995 2940 1119 2995 rectore

142 3015 276 3097 Gordia,
293 3015 438 3081 tradidit.
499 3017 507 3034 ‘

552 3119 628 3170 CAP.
646 3119 707 3170 Vll.

140 3201 267 3258 Romani
283 3201 456 3258 Mithridati
474 3201 699 3326 Oappqqpncippp,
717 3200 868 3257 Nicomedi
884 3201 1120 3271 Paphlagoniam

191 3342 268 3422 'Sed
285 3355 510 3456 Cappadoces,
527 3355 720 3456 crudelitate
736 3377 774 3418 ac
789 3354 927 3419 libidine
942 3355 1120 3456 praefecto·
1131 3319 1170 3419 lb

141 3463 216 3506 rum
231 3452 353 3523 vexatr,
376 3464 397 3505 a
411 3441 601 3507 Mithridate
618 3440 785 3520 deficrunt,
808 3441 1008 3525 fratremque
1023 3463 1120 3526 regis,

139 3536 174 3592 et
183 3527 294 3612 ipsum
304 3526 515 3592 Ariarathem
526 3527 669 3610 nomine,
682 3525 724 3592 ab
735 3526 826 3608 Asia,
839 3525 898 3590 ubi
909 3521 1119 3621 educabatur,
