2658 4244
517 353 625 412 LIBER
644 355 675 406 V.
1040 353 1080 416 ‘li

105 503 207 588 paulo
224 512 300 570 ante
315 505 374 570 vix
388 527 512 591 aequor
523 527 619 570 omne
634 505 795 590 capiebat,
807 517 969 574 carentem
984 509 1082 574 ctiam

105 591 197 654 omni
219 611 388 656 servorum
409 592 608 673 ministerio,
636 593 729 678 cujus
759 595 922 660 exercitus
950 615 1009 681 pro
1034 603 1084 660 ter

103 675 353 741 multitudinem
374 678 469 740 terris
491 697 609 761 graves
636 686 738 742 erant.
781 678 851 743 Nec
877 616 1133 764 pedestrilsus34

102 761 228 847 copiis,
250 782 332 847 quas
353 762 492 828 ducibus
513 763 754 849 assignaverat,
775 763 904 830 felicius
924 765 986 829 iter
1006 764 1082 850 fuit3

102 845 272 934 siquidem
293 847 483 934 quotidiano
498 845 604 913 labori
623 849 745 936 (neque
767 851 855 914 enim
870 849 941 914 ulla
956 859 1005 914 est
1018 872 1084 915 me·

102 932 277 997 tuentibus
292 934 401 1019 quies)
423 935 521 998 etiam
544 933 648 1000 fames
673 945 863 1000 accesserat.
902 935 1084 1002 Multorum

106 1017 229 1084 deinde
243 1017 371 1085 dierum
386 1020 500 1106 inopia
514 1028 722 1086 contraxerat
733 1029 766 1085 et
803 1031 915 1102 estem,
926 1030 997 1087 tant
1042 1043 1085 1088 ue

104 1104 247 1170 foeditas
263 1105 474 1168 morientium
495 1105 573 1187 fruit,
600 1115 638 1170 ut
650 1107 725 1171 viae
739 1045 955 1172 cadaveribus
969 1109 1038 1194 imp
1054 1129 1085 1173 e·

102 1199 233 1270 rentur,
245 1189 406 1278 alitesque
418 1199 450 1254 et
463 1189 588 1256 bestiae
603 1213 698 1258 escae
711 1192 876 1259 illecebris
891 1192 1085 1258 sollicitatae

102 1277 292 1341 exercitum
307 1285 531 1362 sequerentur.

133 1515 251 1580 Persae
269 1515 348 1586 apud
364 1515 507 1578 Plataeas
526 1432 808 1588 ecdipnlllhlycalen
825 1517 988 1574 uincuntur
999 1516 1066 1574 sao.

168 1615 310 1680 interim
330 1616 522 1682 Mardonius
541 1618 578 1682 in
605 1617 747 1684 Graecia
772 1617 955 1704 Olynthum
983 1629 1134 1704 espa-35

102 1711 196 1786 gnat.
235 1701 456 1768 Athenienses
478 1725 609 1790 quoquc
629 1705 663 1768 in
680 1725 771 1790 spem
786 1705 878 1793 pacis
894 1704 1084 1768 amicitiam·

102 1810 172 1874 que
192 1788 282 1872 regis
303 1787 471 1865 sollicitat,
494 1788 660 1876 spondens
679 1791 834 1853 incensae
855 1810 969 1852 eorum
992 1788 1084 1853 urbis

104 1875 208 1938 etiam
221 1876 259 1936 in
273 1875 382 1960 majus
396 1875 646 1938 aestimationem.
672 1874 890 1960 Posteaquam
905 1873 998 1938 nullo
1013 1895 1085 1958 pre·

105 1960 157 2023 tio
172 1957 355 2024 libertatem
369 1959 454 2024 vidit
468 1959 519 2023 his
533 1959 700 2040 venalem,
715 1960 860 2023 incensis
875 1980 961 2046 quae
974 1957 1085 2024 aedili·

107 2066 189 2108 care
203 2053 395 2130 coeperant,
412 2047 522 2132 copias
537 2048 572 2110 in
587 2045 757 2110 Boeotiam
777 2045 940 2110 transfert.
980 2045 1030 2110 Eo
1054 2054 1086 2112 et
1095 2053 1134 2112 36

107 2131 314 2196 Graecorum
330 2132 504 2213 exercitus,
520 2134 578 2218 qui
593 2141 726 2196 centum
740 2130 881 2195 millium
897 2131 975 2214 fuit,
995 2151 1085 2196 secu·

103 2228 158 2282 tue
175 2226 234 2298 est,
251 2217 365 2304 ibique
380 2215 542 2302 proelium
557 2219 778 2282 commissum.
797 2216 878 2282 ,Sed
891 2217 1023 2282 fortuna
1036 2239 1085 2281 re-

104 2304 156 2386 gis
172 2324 251 2366 cum
267 2302 351 2366 duce
367 2311 492 2367 mutata
506 2324 573 2366 non
589 2312 643 2367 cst.
674 2302 759 2367 Nam
773 2303 880 2368 victus
891 2295 1084 2368 Mardonius

104 2397 137 2452 et
158 2387 355 2452 interiectus
375 2397 442 2471 est,
464 2389 562 2472 pauci
583 2397 710 2452 tantum
731 2387 836 2452 veluti
855 2410 897 2451 ex
911 2388 1084 2472 naufragio

126 2474 338 2560 rofugerunt.
371 2473 488 2540 Castra
506 2475 625 2541 referta
639 2473 760 2560 regalis
776 2473 962 2559 opulentiae
978 2483 1083 2558 capta.

102 2498 206 2624 llnde
221 2561 364 2644 primum
383 2560 545 2640 Graecos,
566 2559 671 2624 diviso
691 2562 778 2624 inter
796 2581 832 2623 se
847 2579 929 2622 aure
941 2559 1084 2640 Persico,

106 2645 301 2709 divitiarum
316 2644 451 2709 luxuria
469 2647 566 2734 cepit.
600 2645 727 2710 Eodem
742 2644 824 2710 forte
840 2644 904 2726 die,
920 2665 984 2731 quo
999 2643 1134 2712 Mar-37

107 2729 206 2794 donii·
216 2732 332 2818 copiae
348 2731 474 2796 deletae
490 2741 575 2811 sant,
592 2733 688 2796 etiam
701 2730 813 2796 navali
847 2729 949 2794 coelio
960 2731 996 2794 in
1005 2731 1087 2794 Asia

104 2816 170 2881 sub
197 2826 310 2880 monte
335 2815 465 2902 Mycale
491 2817 648 2882 adversus
666 2817 783 2881 Persas
810 2753 1000 2882 dimicatum
1027 2825 1084 2882 est.

101 2902 159 2966 Ibi
175 2911 252 2966 ante
268 2905 543 3052 congressionem,
559 2924 662 2988 quum
678 2902 797 2967 classes
813 2924 855 2966 ex
870 2901 1008 2966 adverso
1024 2911 1085 2966 sta

102 2995 193 3068 rent,
207 2987 295 3052 fama
309 3011 330 3052 a
363 2998 540 3075 utrumque
551 2989 732 3053 exercitum
742 2989 842 3068 venit,
854 2989 973 3052 vicisse
985 2987 1085 3052 Grae-

106 3093 167 3138 cos
184 3072 395 3138 etMardonii
408 3075 520 3162 copias
546 3074 715 3139 occidione
736 3073 905 3138 occidisse.
943 3074 1084 3137 Tantam

103 3159 217 3224 famae
229 3159 435 3224 velocitatem
451 3161 567 3242 fuisse,
582 3169 629 3241 ut,
646 3181 747 3246 quum
762 3160 923 3222 matutino
938 3165 1084 3244 tempore

103 3244 274 3347 proelium
288 3247 323 3310 in
337 3245 477 3310 Boeotia
491 3247 701 3310 ccmmissum
716 3245 773 3325 sit,
789 3243 982 3307 meridianis
996 3242 1085 3308 horis

102 3355 140 3395 1n
157 3331 272 3394 Asiam
287 3353 348 3418 per
361 3329 526 3395 tot'maria
541 3340 715 3396 attentum
731 3329 828 3416 spatii
842 3337 909 3392 tam
924 3328 1018 3394 brevi
1029 3327 1084 3394 ho·

102 3437 220 3482 rarum
234 3425 400 3481 momento
417 3415 457 3481 de
471 3418 610 3482 victoria
623 3417 817 3480 nunciatum
833 3415 890 3480 sit!
925 3413 1083 3480 Confecto
1094 3422 1134 3480 38

102 3501 206 3581 bello,
224 3524 326 3590 quum
343 3501 384 3567 de
398 3504 553 3589 praemiis
569 3503 750 3582 ciuitatium
762 3509 923 3584 ageretur,
937 3502 1083 3566 omnium

98 3589 231 3676 judicio
256 3587 509 3658 Atheniensium
531 3591 639 3656 virtus
666 3587 781 3654 ceteris
802 3587 958 3676 praelata.
996 3587 1086 3650 Inter
