2658 4244
460 352 569 404 mssa
587 353 646 406 VlI.
1007 353 1047 413 37

81 498 204 564 sidentis
226 502 404 566 exaudias,
430 501 605 567 Accedunt
626 505 729 568 vicini
751 513 784 568 et
805 507 957 592 perpetui
972 507 1095 574 Aet-11

81 605 133 648 nae
158 589 278 652 montis
305 590 312 603 “
341 611 398 654 nes
424 598 460 654 et,
481 587 665 653 insularum
685 589 881 670 Aeolidem,
903 591 997 658 velut
1019 593 1048 656 si

46 715 49 722 .
81 671 155 754 ipsis.
176 672 279 738 undis
302 611 413 746 lietar-
433 673 643 758 incendium3
668 696 778 760 neque
804 677 892 742 enim
918 677 954 740 in
980 685 1047 742 tam

82 758 218 840 angustis
228 759 378 826 terminis
395 758 491 824 aliter
505 758 625 824 durare
639 769 687 825 tot
701 760 823 826 seculis
837 769 950 828 tantus
960 761 1047 846 ignis

80 843 243 923 potuisset,
269 844 335 910 nisi
357 843 505 910 humoris
527 845 738 910 nutrimentis
761 845 913 910 aleretur.
960 847 1098 912 itinera

80 923 169 1010 igitur
188 928 322 994 fabulae
340 927 487 1014 Scyllam
510 938 542 994 et
563 929 768 1015 Charybdim
782 951 954 1015 peperere,
968 931 1048 996 hinc

80 1008 202 1076 latratus
218 1014 362 1096 auditus,
378 1015 456 1080 hinc
467 1016 606 1080 monstri
621 1015 799 1080 simulacra
814 1016 953 1097 credita,
969 1017 1047 1080 dum

81 1099 274 1181 navigantes,
290 1101 419 1184 magnis
434 1100 614 1164 vorticibus
630 1100 740 1184 pelagi
756 1099 935 1164 desidentis
949 1111 1049 1164 exter-

81 1181 133 1260 riti,
148 1183 268 1247 latrare
279 1193 396 1269 putant
406 1185 521 1264 undas,
538 1206 619 1271 quas
632 1186 791 1249 sorbentis
805 1195 913 1250 aestus
924 1207 1048 1270 vorago

81 1266 202 1332 collidit.
247 1269 375 1334 Eadem
398 1291 499 1334 causa
521 1271 619 1334 etiam
643 1272 769 1334 Aetnae
791 1271 911 1335 montis
933 1293 1049 1357 perpe·
1062 1279 1099 1337 13

80 1359 141 1416 tuos
155 1354 250 1438 ignes
264 1355 353 1420 facit.
383 1355 467 1420 Nam
484 1377 645 1440 aquarum
656 1355 714 1419 ille
725 1377 906 1420 concursus
917 1365 1048 1442 raptum

80 1458 178 1502 secum
193 1441 347 1526 spiritum
362 1441 397 1504 in
412 1441 516 1505 imum
531 1438 671 1505 fundum
686 1441 787 1504 trabit
802 1449 900 1588 atflque
909 1441 957 1505 ibi
968 1450 1049 1504 tam-

82 1519 129 1586 diu
142 1533 246 1606 tenet,
262 1526 367 1594 donec
381 1548 441 1612 per
456 1527 657 1612 spiramenta
670 1535 776 1592 terrae
792 1526 826 1590 di
849 1527 932 1590 'usus
946 1526 1050 1590 nutri-

81 1618 178 1674 menta
196 1611 288 1695 ignis
309 1611 475 1676 incendat.
521 1611 596 1676 Jarn
619 1611 693 1696 ipsa
714 1611 830 1676 Italiae
851 1609 1050 1696 Siciliaeque
1063 1617 1101 1674 14

80 1693 234 1776 vicinitas,
249 1696 548 1780 promontoriorum
564 1695 703 1762 altitudo
718 1696 791 1782 ipsa
801 1696 848 1760 ita
860 1695 976 1760 similis
988 1702 1047 1772 est,

81 1787 111 1840 ut
123 1791 283 1864 quantum
297 1804 388 1846 nunc
403 1780 638 1862 admirationis,
650 1792 778 1846 tantum
794 1781 938 1865 antiquis
953 1789 1051 1842 terro-

82 1862 119 1926 ris
137 1865 280 1948 dederit,
303 1864 529 1945 credentibus,
553 1866 749 1930 coeuntibus
764 1867 801 1930 in
816 1887 851 1928 se
867 1872 1052 1950 promonto-

82 1948 129 2012 riis
149 1974 186 2015 ac
208 1975 342 2018 rursum
363 1950 606 2018 discedentibus
623 1950 730 2016 solida
743 1950 896 2033 intercipi
911 1948 1053 2012 absumi-

83 2054 138 2131 qtlc
150 2039 295 2124 navigia.
332 2039 449 2138 Neque
464 2037 546 2102 haec
560 2036 673 2100 fabula
688 2037 729 2100 ab
746 2035 891 2122 antiquis
908 2032 1103 2100 dulcedi-15

81 2139 126 2181 ms
141 2143 240 2188 causa
254 2133 453 2210 composita,
478 2121 537 2186 sed
551 2132 641 2207 metu
657 2130 689 2186 et
711 2121 929 2186 admiratione
949 2129 1053 2184 trans-

83 2209 233 2274 euntium.
266 2209 319 2274 Ea
341 2218 390 2274 est
412 2209 500 2272 enim
522 2207 638 2292 procul
660 2205 912 2292 inspicientibus
934 2213 1053 2268 natura

83 2286 149 2372 loci,
163 2304 201 2358 ut
217 2293 327 2358 sinum
341 2295 452 2372 maris,
467 2314 535 2357 non
550 2292 723 2356 transitum
739 2301 852 2378 putem
869 2311 934 2377 quo
951 2310 1052 2375 quum

83 2381 261 2460 accesseris,
277 2379 446 2445 discedere
461 2399 499 2442 ac
511 2378 642 2464 sejungi
652 2377 889 2462 promontoria,
900 2395 986 2459 quae
999 2395 1053 2436 an—

83 2469 129 2527 tea
135 2465 255 2550 juncta
269 2465 408 2545 fuerant,
424 2463 592 2532 arbitrere.
645 2531 651 2542 ,

280 2703 324 2758 lte
341 2700 464 2764 Siciliae
479 2615 849 2766 niidriilintrqnssrma.

137 2805 271 2870 Siciliae
292 2807 399 2890 primo
421 2803 614 2870 Trinacriae
636 2822 760 2866 nomen
781 2799 859 2878 fuit,
879 2805 994 2884 postea
1008 2794 1057 2860 si·
1069 2801 1106 2857 16

84 2891 172 2956 cania
193 2891 427 2976 cognominata
449 2896 506 2954 est.
545 2888 637 2952 Haec
658 2909 678 2950 a
716 2885 855 2970 rincipio
871 2883 979 2968 patria
995 2879 1058 2964 Cy-

84 2974 210 3062 clopum
231 2977 308 3057 fuit,
331 2974 452 3061 quibus
483 2972 670 3050 exstinctis,
687 2909 828 3036 decalus
850 2987 995 3068 regnum
1010 2965 1058 3034 ia·

83 3059 169 3124 sulae
191 3063 381 3146 occupavit,
399 3067 482 3146 *post
504 3081 603 3144 quem
626 3055 778 3140 singulae
794 3056 995 3116 civ1tates1n
1010 3057 1060 3132 ty·

83 3165 256 3210 rannerum
270 3147 446 3232 imperium
462 3150 703 3220 concesserunt,
718 3159 859 3226 quorum
867 3133 962 3236 nulla
973 3143 1061 3233 terra

84 3227 216 3296 feracior
236 3232 308 3295 fuit.
336 3231 478 3294 'Horum
502 3251 544 3293 ex
565 3247 703 3292 numero
726 3221 911 3289 Anaxilaus
923 3225 1110 3368 (qustrtralt

85 3336 153 3380 cum
169 3327 352 3380 ceterorum
368 3314 561 3380 crudelitate
577 3310 740 3390 certabat,
757 3309 851 3394 cujus
866 3326 919 3368 mo
946 3304 1060 3368 eratio-

85 3399 130 3464 nis
151 3401 242 3466 haud
267 3401 467 3467 mediocrem
489 3395 740 3477 fructum'tulit3
758 3393 881 3480 quippe
897 3389 1060 3454 decedens

85 3505 181 3567 quum
211 3486 298 3552 filios
328 3485 483 3571 parvulos
509 3483 699 3570 reliquisset
720 3477 924 3564 tutelamque
947 3497 1060 3541 eorum

84 3565 1062 3660 Micytho,epeetataeiideiservo,commisisset,tantusamor
