2666 4246
381 383 384 390 .
500 338 609 390 LIBER
626 339 684 389 XV.
1045 337 1081 399 91

100 494 210 549 tentes
224 484 364 567 videret,
380 485 524 550 dimissis
539 487 752 570 satellitibus,
775 497 813 552 ut
825 488 1018 555 Alexandro
1038 490 1084 554 se·

100 571 239 651 licitate,
255 591 322 634 non
333 571 455 636 virtute
464 571 602 636 inferior
612 573 790 651 videretur,
803 582 926 638 tantam
938 584 1082 660 stragem

100 655 251 719 hostium
267 655 379 735 edidit,
395 664 433 718 ut
447 656 581 739 agmina
593 657 760 721 interdum
770 658 908 742 fugaret.
931 659 986 722 Ad
997 667 1085 743 poca

99 762 232 804 remum
249 741 311 802 etsi
326 763 346 802 a
359 740 571 806 multitudine
583 743 706 825 victus,
722 742 828 827 gloria
842 751 954 807 tamen
969 765 1083 808 omnes

97 825 193 890 vicit.
404 829 407 836 ’

528 910 604 962 cle.
621 912 658 964 11.
948 967 951 974 ,

246 987 422 1060 Alexandri,
438 992 524 1060 reete
541 991 638 1063 Epiri,
656 993 770 1048 bellum
786 994 820 1050 ln
836 995 939 1056 Italia.

165 1077 271 1140 Porro
286 1075 493 1156 Alexander,
516 1099 577 1140 rex
590 1077 703 1162 Epiri,
725 1081 761 1144 in
776 1079 906 1144 Italiam
926 1103 946 1144 a
960 1080 1113 1146 Taren-5
1131 1078 1140 1094 ⁸

98 1163 181 1226 tinis
199 1161 359 1224 adversus
374 1161 520 1225 Bruttios
540 1163 682 1244 accitus,
703 1165 752 1228 ita
773 1164 893 1248 cupide
939 1163 1082 1230 rofectus

98 1247 226 1326 fixerat,
250 1245 355 1309 veluti
368 1245 403 1308 in
420 1245 583 1310 divisione
600 1246 687 1311 orbis
703 1255 864 1313 terrarum
879 1187 1082 1330 Aidxandro,

99 1329 314 1418 Olympiadis
329 1331 451 1398 sororis
468 1351 548 1396 suae
567 1330 653 1412 filio,
674 1332 810 1414 Oriens,
833 1332 898 1397 sibi
918 1333 1083 1399 Occidens

98 1425 191 1479 sorte
213 1415 422 1500 contigisset3
447 1437 515 1480 non
542 1417 704 1480 minorem
726 1440 836 1482 rerum
857 1420 1027 1484 materiam
1047 1419 1083 1482 in

99 1499 209 1580 Italia,
225 1499 340 1564 Africa
353 1499 543 1585 Siciliaque,
560 1522 659 1585 quam
668 1501 727 1565 ille
736 1501 772 1566 in
781 1503 864 1568 Asia
876 1511 908 1567 et
918 1504 954 1566 in
961 1503 1082 1584 Persis,

98 1584 287 1648 habiturus.
327 1583 403 1650 Huc
430 1584 623 1667 accedebat,
673 1587 755 1668 uod,
783 1589 868 1651 sicut
890 1587 1112 1652 Alexandr06

98 1669 225 1753 Magno
247 1668 413 1752 Delphica
430 1669 565 1734 oracula
585 1605 723 1734 insidias
747 1673 782 1734 in
803 1671 1015 1753 Macedonia,
1037 1673 1084 1735 ita

99 1753 181 1818 huic
194 1775 392 1838 responsum
407 1753 583 1818 Dodonaei
595 1754 618 1819 J
619 1755 701 1837 ovis,
721 1757 810 1819 circa
823 1756 940 1820 urbem
955 1756 1084 1820 Pando-

99 1840 183 1902 siam
196 1861 395 1924 amnemque
403 1838 634 1920 Acherusium,
647 1841 867 1925 praedixerat
889 1840 989 1920 Quae
997 1849 1083 1904 utra

98 1945 165 2008 que
182 1943 286 2008 quum
300 1924 336 1985 in
350 1923 455 2008 Epiro
472 1931 589 2005 essent,
604 1925 742 2008 ignarus
758 1924 873 1988 eadem
889 1925 971 1988 etin
986 1925 1085 1989 Italia
1124 1979 1130 1990 .

99 2029 182 2088 esse,
199 2007 242 2071 ad
259 2007 456 2072 declinanda
469 2008 611 2072 fatorum
621 2008 768 2095 pericula
780 2010 988 2094 peregrinam
1000 2009 1084 2074 mili·

98 2094 181 2156 tiam
197 2091 352 2176 cupidius
370 2093 525 2176 elegerat.
562 2092 675 2173 Quum
697 2095 800 2178 igitur
820 2096 855 2157 in
877 2095 1009 2160 Italiam
1031 2105 1112 2162 vel

98 2178 222 2258 nisset,
245 2178 389 2261 primum
403 2177 454 2240 illi
470 2177 594 2241 ballam
610 2201 685 2243 cum
699 2179 820 2264 Apulis
838 2179 916 2259 fuit,
929 2201 1083 2265 ,quorum

99 2284 175 2326 cum
193 2283 271 2345 rege
287 2261 381 2326 brevi
392 2271 466 2348 post
476 2271 624 2346 tempore
659 2283 752 2328 acam
764 2273 796 2328 et
803 2265 982 2328 amicitiam
993 2265 1082 2328 facit.

99 2347 181 2410 Erat
203 2347 293 2410 enim
314 2355 395 2410 timo
417 2349 575 2430 temporis
595 2285 676 2412 uris
701 2348 821 2434 Apulis
844 2349 1081 2430 Brundusium,

99 2431 321 2516 quamAetoli,
330 2431 434 2494 secuti
442 2431 663 2496 clarissimum
672 2432 954 2497 etnobilissimum
964 2433 1082 2498 ducem

98 2515 307 2596 Diomedem,
324 2515 553 2598 condiderant3
577 2517 636 2580 sed
650 2517 740 2604 pulsi
755 2517 796 2581 ab
812 2517 942 2601 Apulis,
965 2539 1083 2581 consu·

98 2601 205 2666 lentes
232 2601 367 2664 oracula
391 2621 587 2684 responsum
608 2607 818 2688 acceperant,
851 2607 966 2680 locum,
994 2625 1082 2681 quem

98 2691 293 2765 repetissent,
307 2699 455 2764 perpetuo
466 2707 681 2764 possessuros.
715 2687 788 2750 Hac
802 2688 906 2770 igitur
920 2707 964 2750 ex
981 2708 1084 2752 causa

99 2793 159 2856 per
173 2770 306 2854 legatos·
318 2791 392 2833 cum
407 2769 488 2834 belli
504 2771 774 2852 comminatione,
797 2773 928 2835 restitui
952 2771 1017 2836 sihi
1040 2771 1082 2836 ab

98 2854 221 2940 Apulis
236 2853 363 2936 urbem,
378 2854 635 2939 postulaverant.
675 2855 816 2920 Sedvubi
831 2857 951 2943 Apulis
968 2876 1082 2921 oracu-

100 2939 168 3003 lum
184 2940 345 3018 innotuit,
367 2940 554 3014 interfectos
570 2939 695 3026 legatos
717 2943 752 3004 in
774 2941 854 3006 urbe
871 2942 1081 3027 sepelierunt,

100 3033 295 3108 perpetuam
309 3023 358 3086 ibi
378 3023 490 3088 sedem
510 3023 691 3090 habituros.
731 3027 843 3111 Atque
865 3028 912 3089 ita
936 3025 1083 3090 defuncti

100 3129 258 3194 responso
274 3109 332 3172 diu
347 3108 463 3176 urbem
501 3111 705 3176 ossederunt.
733 3109 831 3189 Quod
845 3111 968 3174 factum
979 3118 1112 3194 quum8

102 3215 138 3256 co
188 3193 313 3257 ovisset
334 3133 542 3276 Alexander,
572 3195 778 3280 antiquitatis
807 3195 875 3257 fata
895 3199 1082 3276 veneratus,

101 3277 142 3342 be
156 3279 188 3342 lo
204 3277 389 3362 Apulorum
406 3279 574 3344 abstinuit.
606 3278 717 3344 Gessit
732 3288 763 3342 et
777 3299 853 3342 cum
866 3279 1004 3343 Bruttiis
1019 3279 1084 3342 Lu·
1149 3312 1152 3315 ·

103 3364 263 3448 canisque
278 3361 413 3445 bellum,
430 3364 551 3428 multas
577 3386 619 3428 ue
634 3364 733 3428 urbes
748 3364 852 3448 cepit3
872 3371 943 3426 tum
960 3373 1083 3428 etcum

103 3447 338 3532 Metapontinis
364 3456 397 3512 ct
417 3385 605 3514 Poediouiis
632 3458 665 3513 et
685 3449 843 3512 Romanis
865 3448 981 3514 foedus
1005 3451 1084 3514 ami·

104 3533 281 3618 citiamque
295 3533 382 3596 fecit.
413 3533 479 3598 Sed
486 3534 608 3598 Bruttii
617 3535 822 3621 Lucanique,
838 3557 941 3620 quum
957 3535 1084 3599 atrxilia
