2658 4244
235 330 273 391 68
517 332 657 384 JUSTINI
675 331 923 384 HISTORIARUM

234 483 291 548 ille
313 483 453 568 populos
476 491 509 548 et
530 482 629 547 urbas
657 481 700 546 ad
727 481 901 546 libidinem
931 505 1025 548 suam
1051 483 1215 549 transfert.

236 570 348 654 Atque
374 569 421 632 ita
452 591 469 632 e
498 567 611 639 multis
641 567 795 652 gentibus
825 567 1082 653 nationibusque
1111 589 1216 631 unum
1252 605 1256 610 -

184 659 376 738 34regnum
395 676 440 740 po
464 653 625 739 ulumquo
648 653 827 716 constituit
865 651 1063 739 Compositis
1087 652 1217 716 ordina-

235 741 346 824 tisque
359 739 395 802 iu
447 737 606 802 acedonia
620 737 729 819 rebus,
745 736 922 802 Dardanos
940 746 1130 822 ceterosque
1144 738 1218 802 fini-

235 825 332 888 timos
352 823 472 888 fraude
493 832 605 910 captos
627 845 669 887 ex
694 831 806 907 ugnat.
850 822 918 888 Sed
938 844 1001 887 nec
1021 845 1042 886 a
1056 823 1219 908 proximis

236 931 355 973 manus
378 908 536 992 abstinet,
557 931 635 972 nam
691 907 835 989 muham,
857 929 970 992 regem
991 907 1097 993 Epiri,
1120 909 1221 972 uxori

237 1016 317 1058 suae
338 993 531 1080 Olympiadi
556 993 721 1058 artissima
743 994 938 1078 cognatione
955 994 1128 1080 junctum,
1151 993 1221 1080 pel·

237 1079 306 1143 lere
331 1100 435 1164 regno
462 1077 591 1162 statuit3
622 1086 721 1178 atque
747 1077 993 1160 Alexandrum,
1023 1078 1221 1164 privignum

238 1165 319 1250 ejus,
345 1165 460 1228 uxoris
485 1163 585 1247 Olym
609 1161 693 1226 iadrs
718 1161 868 1244 fratrem,
894 1185 1034 1249 puerum
1061 1162 1222 1228 honestae

237 1249 505 1335 pulchritudinis,
526 1250 561 1312 in
614 1246 807 1313 acedoniam
824 1251 957 1312 nomine
978 1249 1098 1312 sororis
1114 1270 1222 1314 arces-

238 1334 289 1415 sit,
312 1335 375 1415 cui,
396 1355 500 1420 puero
522 1331 710 1415 admodum,
733 1338 873 1418 regnum
893 1333 1046 1399 Arrubae
1069 1343 1221 1422 ereptum

236 1428 352 1504 postea
366 1415 475 1482 tradit.

651 1573 806 1590 ι--ὺ-ψ-ι-ι-

601 1725 747 1800 LIBER
773 1727 856 1804 Xll.

231 1958 236 1973 ,
267 1845 459 1940 Reliquae
485 1846 660 1942 Philippi
686 1847 957 1942 expeditiones
984 1853 1025 1923 et
1052 1850 1197 1935 cbitrrs.

403 2077 566 2148 Philippus
583 1995 761 2149 Byzanctldih
768 1997 899 2138 1hustra
916 2080 1069 2138 obsidet.-

210 2191 227 2248 1
302 2178 343 2245 In
357 2179 532 2246 Graeciam
544 2179 654 2269 Philip
681 2205 719 2246 us
735 2205 838 2282 quum
853 2183 1005 2265 venisset,
1022 2182 1221 2248 sollicitatus

237 2287 421 2352 paucarum
437 2265 622 2332 civitatium
674 2278 823 2354 reptrone
839 2277 872 2333 et
887 2291 930 2333 ex
940 2267 1065 2356 praeda
1075 2267 1221 2332 modica-

238 2373 313 2415 rum
324 2351 467 2434 urbium,
482 2361 625 2438 quantae
637 2375 716 2438 opes
729 2355 959 2418 universarum
972 2362 1090 2434 essent,
1106 2354 1221 2418 animo

237 2436 453 2524 prospiciens,
470 2435 596 2510 bellum
611 2439 671 2504 toti
687 2438 846 2504 Graeciae
868 2439 990 2504 inferre
1005 2439 1127 2504 statuit.
1164 2437 1223 2504 Ad

239 2521 334 2608 cujus
356 2523 616 2588 emolumentum
639 2525 771 2610 egregie
793 2523 1079 2609 pertinererat'us,
1106 2523 1134 2588 si
1154 2521 1223 2612 By·

239 2609 396 2690 zantium,
412 2607 559 2672 nobilem
571 2617 603 2672 et
617 2609 815 2673 maritimam
832 2607 956 2692 urbem,
973 2608 1222 2693 receptaculum

239 2691 421 2756 terramari
446 2715 488 2758 ue
500 2693 601 2781 copiis
614 2695 682 2758 suis
695 2693 852 2776 futurum,
868 2695 903 2758 in
918 2703 1113 2779 potestatem
1128 2693 1220 2758 rede

241 2777 342 2860 gisset
370 2715 518 2860 eadhem,
535 2777 743 2843 claudentem
755 2778 819 2844 sibi
830 2787 951 2864 portas,
967 2777 1138 2844 obsidione
1153 2781 1222 2843 cin·

211 2861 294 2928 anit.
358 2883 420 2926 aec
435 2862 524 2944 urbs,
549 2863 724 2929 Persarum
746 2865 885 2950 imperio
909 2887 929 2928 a
942 2865 1117 2946 Pausania,
1141 2886 1222 2952 rege

119 2959 124 2966 '
239 2947 488 3046 Spartanorum,
502 2958 624 3036 erepta,
636 2971 696 3036 per
710 2960 835 3035 septem
851 2973 955 3014 annos
971 2971 992 3013 a
1002 2949 1221 3014 Lacedaemo·

239 3033 303 3098 nris
319 3053 469 3119 possessa
483 3033 562 3118 fuit,
580 3033 698 3100 deinde
709 3035 858 3100 variante
870 3035 1008 3099 victoria
1019 3057 1109 3099 nunc
1120 3033 1222 3098 Lace·

240 3117 506 3201 daemoniorum,
534 3141 624 3183 nunc
647 3120 901 3198 Atheniensium
919 3122 1005 3208 juris
1028 3119 1142 3184 habita
1161 3127 1222 3184 est.

241 3203 334 3284 Quae
348 3204 476 3267 incerta
488 3206 653 3292 possessio
669 3206 785 3287 effecit,
802 3215 853 3288 ut,
869 3203 1054 3271 libertatem
1070 3213 1222 3269 constan·

201 3296 229 3354 ‘3
240 3290 305 3352 tius
317 3298 473 3353 tueretur.
496 3289 614 3390 Itaque
625 3289 810 3375 Philippus,
823 3291 924 3377 longa
935 3290 1116 3355 obsidionis
1128 3311 1224 3354 mora

236 3371 422 3460 'exhaustus
442 3395 594 3460 pecunia,
613 3377 787 3462 piraticam
806 3397 964 3441 exercere
975 3376 1127 3440 institnit.
1159 3374 1223 3440 Oa·

240 3458 306 3606 pitis
321 3458 424 3556 igitur
439 3469 571 3524 centurn
588 3463 803 3562 septuaginta
825 3462 967 3528 navibus
987 3459 1224 3562 mercibusque

276 3552 423 3622 straena,
449 3545 660 3612 anhelantem
681 3557 829 3632 rn'opram
851 3545 1026 3630 paululum
1049 3555 1222 3613 recrearit.
