2658 4244
436 1039 826 1138 PRAEFATIO.

563 1265 716 1278 -d-

152 1441 283 1536 destini
307 1469 462 1534 historias
483 1469 518 1533 in
541 1491 637 1534 usum
662 1469 850 1535 scholarum
873 1471 1011 1538 edituris
1032 1469 1128 1536 nobis

153 1571 328 1638 admodum
358 1593 467 1660 pauca
489 1571 671 1659 praefanda
690 1572 859 1654 videntur,
885 1583 938 1657 ut,
965 1595 1128 1662 quaenam

152 1676 235 1739 ratio
258 1694 317 1738 nos
339 1674 510 1760 impulerit
538 1674 666 1739 adhoc
688 1697 771 1760 opus
794 1675 1073 1762 aggrediendum,
1098 1685 1130 1739 et

153 1777 234 1865 quid
245 1778 451 1863 potissimum
467 1778 724 1864 spectaverimus
738 1778 774 1842 in
786 1777 924 1842 consilio
935 1787 1046 1843 nostro
1058 1800 1129 1864 per-

152 1878 296 1964 agendo,
320 1877 543 1944 ostendamus.
572 1878 751 1944 Librorum
765 1878 960 1960 latinorum,
984 1880 1041 1966 qui
1060 1881 1129 1964 apti

152 1983 219 2046 sint
242 1979 360 2068 mediis
390 1980 576 2048 scholarum
607 1987 794 2044 nostrarum
820 1980 1008 2064 ordinibus,
1039 1981 1128 2046 haud

153 2105 308 2168 magnam
324 2091 449 2148 exstare
464 2083 607 2170 copiam,
631 2091 769 2148 constat
800 2082 863 2149 Oui
877 2083 1011 2172 inopiae
1026 2105 1128 2172 quum

152 2196 185 2251 et
209 2207 270 2250 nos
297 2207 468 2250 occurrere
493 2185 715 2267 studeremus,
749 2207 792 2250 ex
821 2186 910 2251 omni
933 2186 1128 2272 scriptorum

151 2288 375 2354 Romanorum
387 2288 659 2374 copiaJustinum
674 2289 881 2376 potissimum
895 2288 991 2354 nobis
1008 2287 1129 2374 eligen-

152 2392 233 2456 dum
258 2393 457 2478 putavimus.
508 2391 593 2456 Nam
620 2393 767 2480 cujusvis
793 2392 925 2478 generis
957 2390 1128 2472 librorum,

151 2495 227 2583 quis
243 2493 378 2576 dubitet,
401 2496 482 2582 quin
496 2503 665 2582 praestent
680 2502 779 2582 atque
794 2493 999 2558 anteferendi
1014 2494 1080 2558 sint
1094 2494 1128 2574 ii,

150 2599 188 2662 in
215 2595 351 2685 quibus,
379 2597 459 2684 quid
485 2598 539 2662 vel
564 2604 631 2662 toto
657 2606 818 2662 terrarum
847 2595 926 2662 orbe
951 2596 1006 2660 vel
1028 2595 1128 2680 longo

150 2709 337 2786 temporum
371 2702 476 2788 spatio
507 2701 550 2765 sit
580 2708 727 2788 gestum,
762 2701 893 2786 copiose
919 2697 1129 2786 exponatur?

150 2801 317 2890 siquidem
331 2825 443 2868 rerum
458 2803 617 2867 varietate
637 2802 852 2890 ubertateque
866 2802 1010 2866 tironum
1027 2801 1129 2865 animi

150 2926 220 2971 non
235 2906 345 2971 minus
361 2905 540 2971 edocentur
554 2927 654 2993 quam
670 2903 886 2970 oblectantur.
918 2903 1029 2986 Quum
1050 2925 1128 2968 vero

150 3007 238 3072 nihil
249 3008 417 3095 antiquius
429 3029 489 3073 nos
501 3007 707 3090 haberemus,
719 3029 818 3095 quam
829 3015 868 3072 nt
877 3005 1010 3072 libellus
1019 3014 1130 3070 noster

151 3111 439 3177 scholae-utilitati
462 3112 663 3176 satisfaceret
684 3112 826 3200 usuique
846 3131 1024 3196 puerorum
1040 3119 1129 3194 apta-

151 3220 257 3278 retur:
270 3221 327 3279 aut
338 3211 571 3279 commutanda
582 3212 746 3298 autplane
757 3211 903 3278 eruenda
915 3212 1026 3277 omnia
1037 3220 1130 3277 erant

152 3337 202 3400 ea,
219 3338 304 3403 quae
319 3325 352 3382 et
366 3315 503 3382 lascivia
518 3315 659 3403 quadam
674 3314 851 3382 verborum
863 3324 897 3382 et
907 3313 1130 3380 obscoenitate

152 3419 314 3486 factorum
329 3421 449 3486 animis
459 3419 667 3508 juvenilibus
682 3418 854 3484 offensioni
870 3416 1130 3505 detrimentoque

151 3545 225 3589 esse
236 3533 398 3610 poterant.
420 3523 497 3589 Jam
507 3543 586 3588 vero
597 3544 699 3610 quum
711 3545 778 3586 non
790 3542 897 3607 pauca
907 3521 1129 3602 inveniantur,
