2658 4244
258 331 296 392 62
347 347 351 352 ’
540 336 681 388 JUSTINI
696 337 946 391 mosomum

262 483 378 573 pupilli
400 485 476 572 egit
504 485 551 550 At
571 485 630 552 ubi
650 488 805 572 graviora
824 487 915 554 bella
927 489 1165 574 imminebant,
1189 514 1238 556 ee

256 592 398 657 rumque
413 569 576 636 auxilium
590 572 628 636 in·
641 575 890 660 exspectatione·
901 575 1037 642 infantis
1053 585 1134 659 erat,
1151 597 1238 642 com·

118 663 197 725 359.
256 655 373 745 pulsus
395 681 416 722 a
436 656 560 746 populo
581 679 723 742 regnum
745 661 900 748 suscepit
958 667 961 674 '
989 709 992 719 .

669 833 824 850 -u———q-

368 1075 370 1082 y
624 967 771 1042 LIBER
796 963 861 1044 XI.

377 1091 550 1184 Philippi
575 1091 709 1186 magni
734 1091 886 1166 bellurn
908 1091 1136 1164 Phocense-

255 1321 392 1392 Phlllppl
414 1337 466 1378 res
488 1321 594 1390 gestae
616 1239 766 1392 mouisAiil
784 1241 908 1392 Ioiaptaru
925 1323 1032 1406 urbem
1052 1323 1234 1380 lethonem.

228 1432 244 1488 1
320 1424 368 1490 Ut
386 1434 435 1489 est
455 1425 624 1510 ingressus
645 1427 838 1512 imperium,
866 1447 989 1511 magna
1014 1425 1055 1492 de
1077 1425 1137 1492 illo
1160 1447 1236 1512 spes

256 1509 503 1590 omnibusfuit,
524 1519 558 1574 et
578 1520 712 1597 propter
730 1512 836 1598 ipsius
850 1513 1037 1598 ingenium,
1060 1510 1150 1597 quod
1169 1533 1237 1577 ma·

255 1619 368 1684 gnum.
382 1595 566 1682 spondebat
579 1596 702 1677 virum,
725 1608 758 1662 et
771 1607 907 1684 propter
920 1605 1033 1662 vetera
1047 1597 1126 1678 lata,
1150 1619 1237 1682 quae
1313 1632 1314 1649 κ

256 1683 461 1762 cecinerant,
492 1704 554 1748 ono
588 1704 628 1746 ex
655 1691 807 1763 mactae
830 1691 908 1760 filiis
936 1695 1090 1762 reparate
1114 1690 1236 1760 floren-

255 1776 405 1836 tissimum
429 1774 504 1846 sore
533 1773 743 1832 Macedoniae
772 1780 905 1844 statum
938 1769 993 1832 oui
1025 1766 1097 1852 spei
1124 1766 1235 1832 scelus

227 1855 369 1919 2matris
385 1853 476 1916 huno
499 1850 669 1918 residuum
691 1852 822 1918 fecerat
858 1853 1028 1940 Principio
1044 1874 1079 1916 re
1105 1853 1141 1916 ni
1156 1852 1236 1916 hinc

255 1939 373 2006 caedes
393 1938 531 2002 fratrum
546 1937 685 2022 indigne
708 1947 970 2024 peremptorum,
990 1929 1073 2002 inde
1116 1939 1236 2002 ostium

254 2024 446 2104 multitudo,
470 2023 549 2088 hino
573 2023 769 2088 insidiarum
784 2030 910 2106 metus,
929 2023 1008 2090 inde
1027 2023 1141 2108 inopia
1161 2043 1236 2086 oon-

253 2111 356 2176 tinuis
371 2109 468 2175 bellis
489 2108 642 2174 exhausti
663 2111 758 2194 regni
772 2111 982 2174 immaturam
998 2110 1232 2192 aetatemgtiro-

254 2198 307 2263 nis
330 2193 512 2280 urgebant,
535 2192 624 2258 bella
643 2193 737 2260 velut
759 2196 1002 2280 conspiratione
1024 2193 1170 2280 quadam
1189 2193 1237 2258 ad

226 2278 505 2368 topprimendam
520 2277 750 2348 Macedoniam
771 2273 950 2346 multarum
988 2280 1115 2344 entium
1130 2300 1179 2343 ex
1189 2279 1236 2344 di·

255 2367 361 2432 versis
376 2365 458 2430 locis
473 2387 539 2430 uno
554 2375 702 2451 tempore
716 2364 936 2432 confluebant
957 2302 1235 2449 &aequoniam

253 2451 407 2520 omnibus
421 2472 483 2536 par
497 2471 567 2515 esse
582 2473 649 2516 non
664 2459 801 2536 poterat,
812 2449 1037 2536 dispensanda
1051 2459 1153 2532 ratris,
1169 2449 1236 2514 alia

252 2539 448 2623 interposite
461 2537 616 2623 pactione
635 2537 811 2622 componit,
827 2537 1050 2617 aliaredimit,
1066 2534 1235 2600 facillimis
1314 2591 1315 2598 ,

253 2625 441 2712 quibusque
455 2622 629 2707 aggressis,
653 2625 799 2707 quorum*
809 2623 948 2688 victorie
959 2619 1160 2686 ,erminum
1172 2630 1235 2685 tre-

221 2705 1235 2860 rma,

250 2880 330 2963 fuit;
346 2877 467 2966 quibus
483 2900 543 2962 per
557 2877 822 2964 insidiasvictis,
845 2887 935 2944 metu
956 2876 1038 2942 belli
1057 2878 1234 2961 gravioris,

274 2988 354 3032 uum
370 2961 555 3028 interficere
571 2984 683 3030 omues
699 2963 1022 3050 posset,.inoolumes
1037 2961 1111 3026 sine
1126 2963 1232 3048 pretio

274 3051 382 3116 ‘misit
412 3047 606 3129 Postheeo,
627 3048 715 3114 bello
731 3050 767 3114 in
781 3048 915 3134 Illyrios
930 3045 1103 3128 translato,
1127 3047 1234 3112 multa

220 3137 356 3204 tmillia
370 3136 513 3202 hostium
529 3134 646 3201 'caedit
681 3135 816 3200 Deinde
832 3133 1125 3200 Thessaliam‘non
1140 3155 1234 3220 puae·

251 3222 311 3290 dae
335 3221 531 3310 cupiditate,
548 3219 607 3286 sed
622 3220 712 3306 quod
727 3220 887 3298 exercitui
899 3241 961 3284 suo
974 3217 1078 3284 ¹robur
1092 3219 1231 3284 Thessa

249 3307 357 3374 lorum
372 3309 522 3394 equitum
537 3305 718 3393 adjungere
730 3304 901 3390 gestiebat
912 3303 1118 3370 nihilminus
1131 3328 1233 3390 quam

247 3392 376 3464 bellum
393 3400 594 3460 metuentem
615 3392 831 3477 improvisae
844 3400 1031 3492 expugnat,
1059 3411 1234 3476 unumque

250 3499 368 3566 eorpus
384 3479 534 3564 equitum
549 3476 819 3563 pedestriumque
829 3499 1002 3564 capparum
1010 3476 1127 3540 invicti
1138 3498 1234 3543 exer·

219 3564 332 3632 sscitus
354 3565 441 3630 facit.
492 3563 632 3644 Quibus·
650 3561 750 3628 rebus
780 3561 920 3646 feliciter
935 3561 1234 3650 provenientibus,
