2658 4244
478 383 586 436 LIBER
605 384 636 435 V.
1004 381 1042 444 21

36 531 37 536 ’
90 543 168 613 esset,
184 533 314 598 difficile
322 509 485 620 judicium
501 534 677 622 videretur.
694 536 786 600 Inter
797 547 920 602 ceteros
933 548 1043 604 tamen

90 617 301 683 Themistoclis
322 619 537 684 adolescentis
552 621 658 705 gloria
672 623 828 704 emicuit,
845 625 961 710 inquo
971 627 1043 712 jam

89 713 152 767 tunc
165 705 292 770 indoles
310 705 438 769 futurae
453 707 681 792 imperatoriae
697 707 865 808 dignitatis
881 712 1042 795 apparuit.
1064 741 1066 746 ’

88 789 248 876 Cynaegiri
287 809 394 877 uoque
399 841 408 874 ,
424 789 537 855 militis
546 792 763 857 'Atheniensrs
768 842 777 874 ,
794 793 900 878 gloria
914 798 1072 879 magnisd

88 815 435 963 scnptorumbaudibus
451 877 615 942 celebrata
630 887 687 958 est,
704 881 761 966 qui
774 889 849 965 post
863 879 981 965 proelii
996 882 1043 945 in-

90 973 222 1027 numeras
250 962 380 1044 caedes,
409 985 511 1050 quum
540 963 702 1050 fugientes
732 963 840 1029 hostes
870 965 913 1030 ad
941 989 1042 1032 naves

91 1048 196 1130 egisset,
212 1058 364 1112 onustam
379 1049 498 1122 navein
511 1048 626 1113 dextra
637 1053 862 1132 manutenuit,
878 1073 940 1115 nec
951 1054 1042 1138 prius

89 1131 204 1214 dimisit,
228 1157 329 1220 quam
343 1131 477 1197 manum
494 1135 669 1217 amitteret3
685 1145 755 1198 tum
772 1158 912 1222 quoque,
930 1159 1042 1224 ampu-

87 1227 140 1282 tata
157 1219 290 1303 dextra,
314 1241 432 1284 navem
452 1221 584 1300 sinistra
603 1221 867 1307 comprehendit,
890 1245 989 1308 quam
1011 1231 1044 1288 et

85 1303 174 1452 ipsam
196 1327 300 1392 quum
321 1306 496 1386 amisisset,
518 1306 561 1369 ad
580 1316 781 1392 postremum
797 1329 908 1372 morsu
923 1330 1042 1372 navem
1077 1389 1080 1397 ,

103 1391 215 1454 etinuit.
246 1391 356 1454 Tanta
370 1392 405 1454 in
421 1413 459 1454 eo
474 1393 579 1455 virtus
593 1392 728 1472 fuit,‚ut
738 1391 808 1456 ‘non
824 1402 871 1457 tot
886 1393 1042 1458 caedibus

84 1474 229 1560 fatigatus,
244 1499 314 1542 non
331 1475 459 1540 duabus
471 1476 623 1541 manibus
635 1479 762 1542 amissis
773 1479 891 1557 victus,
907 1488 1042 1544 truncus

37 1596 41 1608 ι
84 1560 118 1624 ad
134 1572 331 1648 postremum
348 1571 379 1626 et
393 1561 496 1633 veluti
511 1562 627 1627 rabida
641 1563 725 1643 fera,
742 1562 893 1628 dentibus
910 1563 1043 1628 dimica-

85 1649 172 1722 verit„
194 1649 353 1712 Ducenta
373 1647 477 1711 millia
491 1647 612 1712 Persae
634 1671 671 1713 eo
687 1648 812 1736 proelio
829 1651 898 1713 sive
913 1651 1070 1718 neutra-5

84 1732 128 1814 gio
142 1735 283 1799 amisere.
323 1733 451 1798 Cecidit
466 1743 498 1798 et
511 1733 666 1883 Hippias,
688 1744 849 1818 tyrannus
864 1734 1043 1799 Athenien-

36 1871 38 1906 ,
84 1818 134 1898 sis,
155 1830 263 1884 auctor
286 1829 321 1884 et
335 1821 480 1883 conciter
495 1820 583 1906 ejus
609 1819 677 1900 elli,
695 1819 758 1883 diis
783 1821 910 1904 patriae
932 1820 1043 1887 ultori-

36 1913 38 1946 t
84 1900 138 1966 bus
150 1917 263 1989 poenas
280 1904 515 1994 repetentibus.

490 2059 566 2115 cAP,
587 2061 624 2112 11.

359 2145 490 2231 Xerxes,
508 2157 564 2200 rex
580 2144 752 2200 Persarum.

36 2231 38 2280 3
135 2246 259 2314 interea
267 2247 441 2328 etDarius,
455 2269 557 2332 quum
567 2245 692 2310 bellum
705 2249 910 2328 instauraret,
923 2249 958 2310 in
969 2248 1041 2332 ipso
1053 2257 1070 2314 6

85 2345 224 2418 apparatu
247 2331 393 2412 decedit,
415 2331 537 2396 relictis
560 2332 672 2396 multis
687 2332 779 2414 filiis,
796 2334 876 2397 etin
891 2355 993 2418 regno
1010 2345 1042 2398 et
1075 2407 1099 2417 ,.
1191 2317 1194 2326 Δ

86 2427 145 2482 ante
164 2443 305 2505 regnum
328 2419 497 2502 susceptis.
520 2417 588 2500 ,Ex
603 2415 654 2481 his
668 2419 862 2482 Artemones
878 2420 1042 2483 maximus

84 2513 149 2568 natu
169 2505 284 2570 aetatis
306 2503 423 2591 privile
447 2503 641 2590 io‘regnum
663 2503 726 2568 sibi
741 2504 936 2585 vindicavit,
953 2503 1041 2590 quod

36 2639 37 2644 ,
85 2588 126 2650 'us
143 2601 172 2654 et
193 2592 274 2656 ordo
295 2527 454 2654 nascendi
480 2598 512 2652 et
531 2597 651 2655 natura
671 2590 743 2673 ipsa
765 2588 917 2674 gentibus
933 2588 1040 2653 dedit.

80 2611 194 2742 iteres
222 2699 307 2742 vero
336 2675 591 2741 controversiam
612 2695 679 2738 non
703 2674 743 2738 de
766 2673 896 2756 ordine,
919 2674 1041 2739 sed'de

36 2783 37 2794 ¹
84 2763 223 2828 nascendi
259 2761 418 2826 felicitate
453 2759 623 2826 inferebat.
681 2767 820 2841 Namque
851 2767 1069 2828 Artemeuemt
1134 2767 1136 2772 ’

78 2855 194 2922 ortuum
218 2856 344 2931 quidem
363 2853 475 2924 Durio,
498 2851 557 2912 sed
573 2853 900 2929 privato'prouenr'sse,
922 2870 958 2912 re
971 2856 1042 2926 reri

77 2942 196 3008 primum
225 2939 333 3000 uatum
364 2955 441 2996 esse.
489 2936 616 2996 Fratres
645 2941 739 3011 ieeur
767 2955 856 3011 suos,
887 2941 942 3012 qui
971 2942 1042 2997 aute

80 3029 166 3094 reniti
186 3014 305 3098 esseut,
323 3027 480 3098 priuatum
491 3025 730 3097 patrimonium,
755 3025 840 3098 quod
853 3041 888 3082 eo
905 3029 1042 3096 tempore
1117 3043 1119 3048 ·

81 3107 186 3170 Durius
211 3113 389 3182 tabuisset,
417 3125 479 3168 non
505 3105 633 3183 reanum
659 3111 722 3168 sibi
747 3111 909 3169 vindicare
924 3124 1042 3180 posse,·

80 3210 110 3251 re
128 3213 201 3272 esre,
227 3214 316 3273 quem
332 3198 469 3271 primum
492 3197 524 3254 in
546 3212 643 3269 repro
657 3197 729 3269 jum
751 3212 810 3252 rex
826 3200 921 3269 puter
938 3198 1041 3252 sustu-

81 3280 148 3341 terit.
191 3283 262 3342 Huc
285 3283 451 3352 accedere,
475 3282 560 3355 quod
579 3283 754 3339 Arremener
775 3296 838 3338 nou
853 3285 950 3354 putre
972 3285 1041 3337 tun-

81 3370 141 3440 tum,
163 3370 221 3432 sed
242 3377 271 3428 et
292 3377 391 3437 matre
407 3370 558 3441 priuatae·
571 3367 686 3438 ¹adduc·
698 3367 858 3440 fortunae,
882 3380 940 3424 uuo
965 3381 1041 3438 quo-

81 3467 131 3523 que
151 3461 291 3514 materno
305 3457 443 3530 priuato,
459 3457 651 3526 procreatus
665 3455 715 3512 sit.
759 3449 800 3508 Se
815 3467 884 3510 vero
902 3456 931 3509 et
944 3458 1044 3509 matre

36 3603 37 3606 Ἴ
81 3541 182 3612 repinu
203 3549 319 3614 uotum,
344 3547 374 3598 et
386 3545 509 3614 putrem
524 3555 586 3598 uon
601 3540 665 3598 ur'sr'
678 3553 782 3611 rerem
797 3538 931 3608 vidisse;
955 3553 1043 3595 uuum

81 3638 192 3700 quoque
213 3623 383 3686 maternum
408 3626 518 3701 Cyrum
539 3641 574 3682 se
595 3639 699 3699 repert
721 3623 878 3697 rubuisse,
902 3639 964 3682 nou
985 3622 1042 3680 Ire-
1097 3680 1100 3695 ,
1151 3607 1176 3654 f
