<?xml version="1.0" encoding="UTF-8"?>
<!DOCTYPE html PUBLIC "-//W3C//DTD XHTML 1.0 Transitional//EN"
    "http://www.w3.org/TR/xhtml1/DTD/xhtml1-transitional.dtd">
<html xmlns="http://www.w3.org/1999/xhtml" xml:lang="en" lang="en">
 <head>
  <title>
</title>
<meta http-equiv="Content-Type" content="text/html;charset=utf-8" />
  <meta name='ocr-system' content='tesseract 3.04.00' />
  <meta name='ocr-capabilities' content='ocr_page ocr_carea ocr_par ocr_line ocrx_word'/>
</head>
<body>
  <div class='ocr_page' id='page_1' title='image "./historiarumlibr00eitngoog_0226.png"; bbox 0 0 2678 4246; ppageno 0'>
   <div class='ocr_carea' id='block_1_1' title="bbox 482 349 1096 412">
    <p class='ocr_par' dir='ltr' id='par_1_1' title="bbox 482 349 1096 412">
     <span class='ocr_line' id='line_1_1' title="bbox 482 349 1096 412; baseline 0 -7"><span class='ocrx_word' id='word_1_1' title='bbox 482 353 591 405; x_wconf 81' lang='lat' dir='ltr'><strong>LIBER</strong></span> <span class='ocrx_word' id='word_1_2' title='bbox 607 353 731 405; x_wconf 84' lang='lat' dir='ltr'>XXXVI.</span> <span class='ocrx_word' id='word_1_3' title='bbox 1057 349 1096 412; x_wconf 77' lang='grc'><strong>83</strong></span> 
     </span>
    </p>
   </div>
   <div class='ocr_carea' id='block_1_2' title="bbox 10 503 1238 3575">
    <p class='ocr_par' dir='ltr' id='par_1_2' title="bbox 10 503 1238 3575">
     <span class='ocr_line' id='line_1_2' title="bbox 108 503 1097 589; baseline 0 -19"><span class='ocrx_word' id='word_1_4' title='bbox 108 525 205 570; x_wconf 84' lang='lat' dir='ltr'><strong>nunc</strong></span> <span class='ocrx_word' id='word_1_5' title='bbox 233 513 392 585; x_wconf 88' lang='lat' dir='ltr'><strong>matrem,</strong></span> <span class='ocrx_word' id='word_1_6' title='bbox 419 525 510 576; x_wconf 89' lang='lat' dir='ltr'><strong>nune</strong></span> <span class='ocrx_word' id='word_1_7' title='bbox 531 503 718 569; x_wconf 85' lang='lat' dir='ltr'><strong>Berenicen</strong></span> <span class='ocrx_word' id='word_1_8' title='bbox 733 526 899 589; x_wconf 85' lang='lat' dir='ltr'><strong>sponsam</strong></span> <span class='ocrx_word' id='word_1_9' title='bbox 926 505 1097 570; x_wconf 90' lang='lat' dir='ltr'><strong>maleficiis</strong></span> 
     </span>
     <span class='ocr_line' id='line_1_3' title="bbox 10 589 1147 662; baseline 0.003 -10"><span class='ocrx_word' id='word_1_10' title='bbox 10 657 12 662; x_wconf 67' lang='lat'><strong>,</strong></span> <span class='ocrx_word' id='word_1_11' title='bbox 111 611 230 654; x_wconf 83' lang='lat' dir='ltr'><strong>eorum</strong></span> <span class='ocrx_word' id='word_1_12' title='bbox 250 598 383 654; x_wconf 88' lang='lat' dir='ltr'><strong>necatas</strong></span> <span class='ocrx_word' id='word_1_13' title='bbox 403 589 512 653; x_wconf 91' lang='lat' dir='ltr'><strong>confin</strong></span> <span class='ocrx_word' id='word_1_14' title='bbox 539 611 608 654; x_wconf 91' lang='lat' dir='ltr'><strong>ens.</strong></span> <span class='ocrx_word' id='word_1_15' title='bbox 645 589 725 653; x_wconf 93' lang='lat' dir='ltr'><strong>Post</strong></span> <span class='ocrx_word' id='word_1_16' title='bbox 739 589 826 654; x_wconf 90' lang='lat' dir='ltr'><strong>hanc</strong></span> <span class='ocrx_word' id='word_1_17' title='bbox 841 590 1014 655; x_wconf 87' lang='lat' dir='ltr'><strong>scelestam</strong></span> <span class='ocrx_word' id='word_1_18' title='bbox 1029 591 1098 655; x_wconf 87' lang='lat' dir='ltr'><strong>vio·</strong></span> <span class='ocrx_word' id='word_1_19' title='bbox 1129 597 1147 656; x_wconf 82' lang='lat'><strong>2</strong></span> 
     </span>
     <span class='ocr_line' id='line_1_4' title="bbox 110 613 1097 758; baseline 0.001 -19"><span class='ocrx_word' id='word_1_20' title='bbox 110 675 237 739; x_wconf 89' lang='lat' dir='ltr'><strong>lentiae</strong></span> <span class='ocrx_word' id='word_1_21' title='bbox 258 673 384 740; x_wconf 81' lang='lat' dir='ltr'><strong>rabiem</strong></span> <span class='ocrx_word' id='word_1_22' title='bbox 407 697 422 738; x_wconf 90' lang='lat' dir='ltr'><strong>s</strong></span> <span class='ocrx_word' id='word_1_23' title='bbox 447 613 592 739; x_wconf 76' lang='lat' dir='ltr'><strong>ualidam</strong></span> <span class='ocrx_word' id='word_1_24' title='bbox 607 682 733 740; x_wconf 88' lang='lat' dir='ltr'><strong>vestem</strong></span> <span class='ocrx_word' id='word_1_25' title='bbox 754 677 871 758; x_wconf 81' lang='lat' dir='ltr'><strong>sumit3</strong></span> <span class='ocrx_word' id='word_1_26' title='bbox 893 675 1030 741; x_wconf 81' lang='lat' dir='ltr'>barbam</span> <span class='ocrx_word' id='word_1_27' title='bbox 1047 697 1097 740; x_wconf 82' lang='lat' dir='ltr'><strong>ea</strong></span> 
     </span>
     <span class='ocr_line' id='line_1_5' title="bbox 110 697 1095 846; baseline 0.001 -24"><span class='ocrx_word' id='word_1_28' title='bbox 110 759 301 846; x_wconf 84' lang='lat' dir='ltr'>pillumque</span> <span class='ocrx_word' id='word_1_29' title='bbox 315 761 351 823; x_wconf 91' lang='lat' dir='ltr'><strong>in</strong></span> <span class='ocrx_word' id='word_1_30' title='bbox 366 697 501 825; x_wconf 75' lang='lat' dir='ltr'><strong>modum</strong></span> <span class='ocrx_word' id='word_1_31' title='bbox 517 782 648 826; x_wconf 90' lang='lat' dir='ltr'><strong>reorum</strong></span> <span class='ocrx_word' id='word_1_32' title='bbox 664 759 839 844; x_wconf 72' lang='lat' dir='ltr'><strong>submittit,</strong></span> <span class='ocrx_word' id='word_1_33' title='bbox 855 783 922 825; x_wconf 92' lang='lat' dir='ltr'><strong>non</strong></span> <span class='ocrx_word' id='word_1_34' title='bbox 937 762 973 824; x_wconf 94' lang='lat' dir='ltr'><strong>in</strong></span> <span class='ocrx_word' id='word_1_35' title='bbox 988 759 1095 846; x_wconf 91' lang='lat' dir='ltr'><strong>publi-</strong></span> 
     </span>
     <span class='ocr_line' id='line_1_6' title="bbox 113 845 1097 933; baseline -0.001 -23"><span class='ocrx_word' id='word_1_36' title='bbox 113 867 192 910; x_wconf 88' lang='lat' dir='ltr'><strong>cum</strong></span> <span class='ocrx_word' id='word_1_37' title='bbox 217 845 369 933; x_wconf 91' lang='lat' dir='ltr'><strong>prodire,</strong></span> <span class='ocrx_word' id='word_1_38' title='bbox 395 867 462 910; x_wconf 91' lang='lat' dir='ltr'><strong>non</strong></span> <span class='ocrx_word' id='word_1_39' title='bbox 488 846 611 932; x_wconf 89' lang='lat' dir='ltr'><strong>populo</strong></span> <span class='ocrx_word' id='word_1_40' title='bbox 634 868 670 909; x_wconf 89' lang='lat' dir='ltr'><strong>se</strong></span> <span class='ocrx_word' id='word_1_41' title='bbox 696 845 886 927; x_wconf 89' lang='lat' dir='ltr'><strong>ostendere,</strong></span> <span class='ocrx_word' id='word_1_42' title='bbox 912 868 981 910; x_wconf 91' lang='lat' dir='ltr'><strong>non</strong></span> <span class='ocrx_word' id='word_1_43' title='bbox 1007 845 1097 910; x_wconf 92' lang='lat' dir='ltr'><strong>domi</strong></span> 
     </span>
     <span class='ocr_line' id='line_1_7' title="bbox 112 931 1098 1017; baseline -0.001 -23"><span class='ocrx_word' id='word_1_44' title='bbox 112 931 253 994; x_wconf 88' lang='lat' dir='ltr'><strong>laetiora</strong></span> <span class='ocrx_word' id='word_1_45' title='bbox 286 931 442 994; x_wconf 85' lang='lat' dir='ltr'><strong>convivia</strong></span> <span class='ocrx_word' id='word_1_46' title='bbox 473 932 558 995; x_wconf 88' lang='lat' dir='ltr'><strong>inire</strong></span> <span class='ocrx_word' id='word_1_47' title='bbox 595 940 652 995; x_wconf 90' lang='lat' dir='ltr'><strong>aut</strong></span> <span class='ocrx_word' id='word_1_48' title='bbox 681 931 818 1017; x_wconf 86' lang='lat' dir='ltr'><strong>aliquod</strong></span> <span class='ocrx_word' id='word_1_49' title='bbox 854 933 987 1016; x_wconf 83' lang='lat' dir='ltr'><strong>signum</strong></span> <span class='ocrx_word' id='word_1_50' title='bbox 1024 931 1098 996; x_wconf 88' lang='lat' dir='ltr'><strong>sani</strong></span> 
     </span>
     <span class='ocr_line' id='line_1_8' title="bbox 112 1015 1098 1100; baseline 0 -22"><span class='ocrx_word' id='word_1_51' title='bbox 112 1016 259 1080; x_wconf 90' lang='lat' dir='ltr'><strong>hominis</strong></span> <span class='ocrx_word' id='word_1_52' title='bbox 284 1015 421 1080; x_wconf 88' lang='lat' dir='ltr'><strong>habere:</strong></span> <span class='ocrx_word' id='word_1_53' title='bbox 447 1037 580 1100; x_wconf 89' lang='lat' dir='ltr'><strong>prorsus</strong></span> <span class='ocrx_word' id='word_1_54' title='bbox 608 1025 644 1080; x_wconf 90' lang='lat' dir='ltr'><strong>ut</strong></span> <span class='ocrx_word' id='word_1_55' title='bbox 671 1016 918 1080; x_wconf 88' lang='lat' dir='ltr'><strong>interfectorum</strong></span> <span class='ocrx_word' id='word_1_56' title='bbox 943 1015 1098 1082; x_wconf 90' lang='lat' dir='ltr'><strong>manibus</strong></span> 
     </span>
     <span class='ocr_line' id='line_1_9' title="bbox 111 1101 1149 1186; baseline 0.002 -22"><span class='ocrx_word' id='word_1_57' title='bbox 111 1122 241 1186; x_wconf 89' lang='lat' dir='ltr'><strong>poenas</strong></span> <span class='ocrx_word' id='word_1_58' title='bbox 260 1101 406 1185; x_wconf 89' lang='lat' dir='ltr'><strong>pendere</strong></span> <span class='ocrx_word' id='word_1_59' title='bbox 420 1101 597 1165; x_wconf 87' lang='lat' dir='ltr'><strong>videretur.</strong></span> <span class='ocrx_word' id='word_1_60' title='bbox 635 1101 768 1166; x_wconf 79' lang='lat' dir='ltr'><strong>Omissa</strong></span> <span class='ocrx_word' id='word_1_61' title='bbox 788 1101 908 1166; x_wconf 89' lang='lat' dir='ltr'><strong>deinde</strong></span> <span class='ocrx_word' id='word_1_62' title='bbox 927 1102 1024 1186; x_wconf 86' lang='lat' dir='ltr'><strong>regni</strong></span> <span class='ocrx_word' id='word_1_63' title='bbox 1044 1101 1098 1165; x_wconf 89' lang='lat' dir='ltr'><strong>ad·</strong></span> <span class='ocrx_word' id='word_1_64' title='bbox 1130 1109 1149 1166; x_wconf 88' lang='lat'><strong>3</strong></span> 
     </span>
     <span class='ocr_line' id='line_1_10' title="bbox 112 1185 1100 1272; baseline -0.001 -22"><span class='ocrx_word' id='word_1_65' title='bbox 112 1185 377 1267; x_wconf 87' lang='lat' dir='ltr'><strong>ministratione,</strong></span> <span class='ocrx_word' id='word_1_66' title='bbox 405 1185 517 1250; x_wconf 92' lang='lat' dir='ltr'><strong>hortos</strong></span> <span class='ocrx_word' id='word_1_67' title='bbox 543 1185 709 1268; x_wconf 78' lang='lat' dir='ltr'><strong>fodiebat,</strong></span> <span class='ocrx_word' id='word_1_68' title='bbox 736 1189 888 1272; x_wconf 87' lang='lat' dir='ltr'><strong>gramina</strong></span> <span class='ocrx_word' id='word_1_69' title='bbox 916 1186 1100 1251; x_wconf 83' lang='lat' dir='ltr'><strong>seminabat</strong></span> 
     </span>
     <span class='ocr_line' id='line_1_11' title="bbox 113 1271 1100 1359; baseline -0.002 -23"><span class='ocrx_word' id='word_1_70' title='bbox 113 1280 148 1336; x_wconf 90' lang='lat' dir='ltr'><strong>et</strong></span> <span class='ocrx_word' id='word_1_71' title='bbox 168 1272 272 1335; x_wconf 87' lang='lat' dir='ltr'><strong>noxia</strong></span> <span class='ocrx_word' id='word_1_72' title='bbox 291 1272 438 1336; x_wconf 86' lang='lat' dir='ltr'><strong>innoxiis</strong></span> <span class='ocrx_word' id='word_1_73' title='bbox 459 1271 694 1358; x_wconf 77' lang='lat' dir='ltr'><strong>permiscebat,</strong></span> <span class='ocrx_word' id='word_1_74' title='bbox 718 1294 823 1359; x_wconf 90' lang='lat' dir='ltr'><strong>eaque</strong></span> <span class='ocrx_word' id='word_1_75' title='bbox 846 1274 958 1337; x_wconf 91' lang='lat' dir='ltr'><strong>omnia</strong></span> <span class='ocrx_word' id='word_1_76' title='bbox 978 1272 1100 1336; x_wconf 84' lang='lat' dir='ltr'><strong>veneni</strong></span> 
     </span>
     <span class='ocr_line' id='line_1_12' title="bbox 113 1356 1097 1443; baseline -0.001 -23"><span class='ocrx_word' id='word_1_77' title='bbox 113 1377 215 1420; x_wconf 91' lang='lat' dir='ltr'><strong>succo</strong></span> <span class='ocrx_word' id='word_1_78' title='bbox 242 1356 381 1439; x_wconf 87' lang='lat' dir='ltr'><strong>infecta,</strong></span> <span class='ocrx_word' id='word_1_79' title='bbox 406 1357 500 1420; x_wconf 88' lang='lat' dir='ltr'><strong>velut</strong></span> <span class='ocrx_word' id='word_1_80' title='bbox 524 1357 691 1443; x_wconf 77' lang='lat' dir='ltr'><strong>peculiare</strong></span> <span class='ocrx_word' id='word_1_81' title='bbox 717 1380 859 1439; x_wconf 91' lang='lat' dir='ltr'><strong>munus,</strong></span> <span class='ocrx_word' id='word_1_82' title='bbox 886 1358 1001 1422; x_wconf 87' lang='lat' dir='ltr'><strong>amicis</strong></span> <span class='ocrx_word' id='word_1_83' title='bbox 1027 1359 1097 1420; x_wconf 81' lang='lat' dir='ltr'><strong>mit</strong></span> 
     </span>
     <span class='ocr_line' id='line_1_13' title="bbox 112 1441 1099 1508; baseline 0.001 -3"><span class='ocrx_word' id='word_1_84' title='bbox 112 1441 215 1506; x_wconf 88' lang='lat' dir='ltr'><strong>tebat.</strong></span> <span class='ocrx_word' id='word_1_85' title='bbox 270 1441 324 1506; x_wconf 93' lang='lat' dir='ltr'><strong>Ab</strong></span> <span class='ocrx_word' id='word_1_86' title='bbox 359 1441 422 1506; x_wconf 91' lang='lat' dir='ltr'><strong>hoc</strong></span> <span class='ocrx_word' id='word_1_87' title='bbox 457 1443 566 1506; x_wconf 89' lang='lat' dir='ltr'><strong>studio</strong></span> <span class='ocrx_word' id='word_1_88' title='bbox 601 1443 748 1506; x_wconf 89' lang='lat' dir='ltr'><strong>aerariae</strong></span> <span class='ocrx_word' id='word_1_89' title='bbox 783 1444 861 1508; x_wconf 88' lang='lat' dir='ltr'><strong>artis</strong></span> <span class='ocrx_word' id='word_1_90' title='bbox 890 1443 1035 1508; x_wconf 81' lang='lat' dir='ltr'><strong>fabricae</strong></span> <span class='ocrx_word' id='word_1_91' title='bbox 1064 1464 1099 1506; x_wconf 90' lang='lat' dir='ltr'><strong>se</strong></span> 
     </span>
     <span class='ocr_line' id='line_1_14' title="bbox 112 1526 1123 1613; baseline -0.001 -23"><span class='ocrx_word' id='word_1_92' title='bbox 112 1526 237 1608; x_wconf 79' lang='lat' dir='ltr'><strong>tradit,</strong></span> <span class='ocrx_word' id='word_1_93' title='bbox 265 1528 415 1613; x_wconf 88' lang='lat' dir='ltr'><strong>cerisque</strong></span> <span class='ocrx_word' id='word_1_94' title='bbox 440 1527 605 1612; x_wconf 86' lang='lat' dir='ltr'><strong>fingendis</strong></span> <span class='ocrx_word' id='word_1_95' title='bbox 631 1537 664 1592; x_wconf 90' lang='lat' dir='ltr'><strong>et</strong></span> <span class='ocrx_word' id='word_1_96' title='bbox 689 1549 764 1592; x_wconf 88' lang='lat' dir='ltr'><strong>aere</strong></span> <span class='ocrx_word' id='word_1_97' title='bbox 789 1528 958 1592; x_wconf 86' lang='lat' dir='ltr'><strong>fundendb</strong></span> <span class='ocrx_word' id='word_1_98' title='bbox 1008 1547 1123 1608; x_wconf 54' lang='lat' dir='ltr'><strong>rocu-¹</strong></span> 
     </span>
     <span class='ocr_line' id='line_1_15' title="bbox 114 1551 1098 1699; baseline 0.001 -24"><span class='ocrx_word' id='word_1_99' title='bbox 114 1611 294 1699; x_wconf 79' lang='lat' dir='ltr'><strong>dandoque</strong></span> <span class='ocrx_word' id='word_1_100' title='bbox 330 1610 566 1678; x_wconf 86' lang='lat' dir='ltr'><strong>oblectabatur.</strong></span> <span class='ocrx_word' id='word_1_101' title='bbox 616 1613 716 1676; x_wconf 88' lang='lat' dir='ltr'><strong>Matri</strong></span> <span class='ocrx_word' id='word_1_102' title='bbox 753 1613 872 1678; x_wconf 89' lang='lat' dir='ltr'><strong>deinde</strong></span> <span class='ocrx_word' id='word_1_103' title='bbox 910 1551 1098 1699; x_wconf 76' lang='lat' dir='ltr'><strong>sepulcrum</strong></span> 
     </span>
     <span class='ocr_line' id='line_1_16' title="bbox 113 1697 1099 1784; baseline 0 -24"><span class='ocrx_word' id='word_1_104' title='bbox 113 1697 224 1761; x_wconf 88' lang='lat' dir='ltr'><strong>facere</strong></span> <span class='ocrx_word' id='word_1_105' title='bbox 246 1698 404 1780; x_wconf 71' lang='lat' dir='ltr'><strong>instituit,</strong></span> <span class='ocrx_word' id='word_1_106' title='bbox 427 1699 482 1761; x_wconf 92' lang='lat' dir='ltr'><strong>cui</strong></span> <span class='ocrx_word' id='word_1_107' title='bbox 505 1699 597 1784; x_wconf 90' lang='lat' dir='ltr'><strong>operi</strong></span> <span class='ocrx_word' id='word_1_108' title='bbox 618 1699 764 1762; x_wconf 85' lang='lat' dir='ltr'><strong>intentus</strong></span> <span class='ocrx_word' id='word_1_109' title='bbox 785 1697 938 1762; x_wconf 88' lang='lat' dir='ltr'><strong>morbum</strong></span> <span class='ocrx_word' id='word_1_110' title='bbox 958 1721 1001 1762; x_wconf 84' lang='lat' dir='ltr'><strong>ex</strong></span> <span class='ocrx_word' id='word_1_111' title='bbox 1021 1697 1099 1762; x_wconf 89' lang='lat' dir='ltr'><strong>solis</strong></span> 
     </span>
     <span class='ocr_line' id='line_1_17' title="bbox 114 1781 1150 1869; baseline 0.001 -24"><span class='ocrx_word' id='word_1_112' title='bbox 114 1782 246 1846; x_wconf 84' lang='lat' dir='ltr'><strong>fervore</strong></span> <span class='ocrx_word' id='word_1_113' title='bbox 275 1783 440 1848; x_wconf 75' lang='lat' dir='ltr'><strong>contraxit</strong></span> <span class='ocrx_word' id='word_1_114' title='bbox 469 1791 502 1846; x_wconf 90' lang='lat' dir='ltr'><strong>et</strong></span> <span class='ocrx_word' id='word_1_115' title='bbox 530 1783 671 1868; x_wconf 88' lang='lat' dir='ltr'><strong>septima</strong></span> <span class='ocrx_word' id='word_1_116' title='bbox 705 1781 758 1847; x_wconf 89' lang='lat' dir='ltr'><strong>die</strong></span> <span class='ocrx_word' id='word_1_117' title='bbox 788 1785 938 1849; x_wconf 81' lang='lat' dir='ltr'><strong>decessit</strong></span> <span class='ocrx_word' id='word_1_118' title='bbox 988 1783 1098 1869; x_wconf 87' lang='lat' dir='ltr'><strong>Hujus</strong></span> <span class='ocrx_word' id='word_1_119' title='bbox 1129 1790 1150 1846; x_wconf 83' lang='lat'>4</span> 
     </span>
     <span class='ocr_line' id='line_1_18' title="bbox 114 1867 1238 1955; baseline 0.001 -24"><span class='ocrx_word' id='word_1_120' title='bbox 114 1877 310 1934; x_wconf 88' lang='lat' dir='ltr'><strong>testamento</strong></span> <span class='ocrx_word' id='word_1_121' title='bbox 333 1867 428 1932; x_wconf 86' lang='lat' dir='ltr'><strong>heres</strong></span> <span class='ocrx_word' id='word_1_122' title='bbox 450 1868 594 1955; x_wconf 88' lang='lat' dir='ltr'><strong>populus</strong></span> <span class='ocrx_word' id='word_1_123' title='bbox 614 1869 783 1932; x_wconf 89' lang='lat' dir='ltr'><strong>Romanus</strong></span> <span class='ocrx_word' id='word_1_124' title='bbox 804 1878 884 1932; x_wconf 92' lang='lat' dir='ltr'><strong>tune</strong></span> <span class='ocrx_word' id='word_1_125' title='bbox 904 1869 1098 1932; x_wconf 82' lang='lat' dir='ltr'><strong>instituitur.</strong></span> <span class='ocrx_word' id='word_1_126' title='bbox 1164 1873 1238 1934; x_wconf 81' lang='lat'><strong><em>133.</em></strong></span> 
     </span>
     <span class='ocr_line' id='line_1_19' title="bbox 115 1952 1098 2038; baseline 0.001 -21"><span class='ocrx_word' id='word_1_127' title='bbox 115 1952 184 2017; x_wconf 87' lang='lat' dir='ltr'><strong>Sed</strong></span> <span class='ocrx_word' id='word_1_128' title='bbox 200 1952 372 2017; x_wconf 86' lang='lat' dir='ltr'><strong>eratfilius</strong></span> <span class='ocrx_word' id='word_1_129' title='bbox 387 1953 549 2018; x_wconf 82' lang='lat' dir='ltr'><strong>Eumenis</strong></span> <span class='ocrx_word' id='word_1_130' title='bbox 562 1954 780 2036; x_wconf 90' lang='lat' dir='ltr'><strong>Aristonicus,</strong></span> <span class='ocrx_word' id='word_1_131' title='bbox 796 1976 839 2018; x_wconf 87' lang='lat' dir='ltr'><strong>ex</strong></span> <span class='ocrx_word' id='word_1_132' title='bbox 853 1954 982 2038; x_wconf 89' lang='lat' dir='ltr'><strong>pellice,</strong></span> <span class='ocrx_word' id='word_1_133' title='bbox 997 1953 1098 2018; x_wconf 78' lang='lat' dir='ltr'><strong>citha</strong></span> 
     </span>
     <span class='ocr_line' id='line_1_20' title="bbox 115 2037 1099 2125; baseline 0 -23"><span class='ocrx_word' id='word_1_134' title='bbox 115 2039 216 2102; x_wconf 89' lang='lat' dir='ltr'><strong>ristae</strong></span> <span class='ocrx_word' id='word_1_135' title='bbox 236 2037 408 2124; x_wconf 88' lang='lat' dir='ltr'><strong>cujusdam</strong></span> <span class='ocrx_word' id='word_1_136' title='bbox 430 2038 517 2120; x_wconf 89' lang='lat' dir='ltr'><strong>filia,</strong></span> <span class='ocrx_word' id='word_1_137' title='bbox 539 2048 652 2119; x_wconf 90' lang='lat' dir='ltr'><strong>natus,</strong></span> <span class='ocrx_word' id='word_1_138' title='bbox 673 2039 731 2125; x_wconf 90' lang='lat' dir='ltr'><strong>qui</strong></span> <span class='ocrx_word' id='word_1_139' title='bbox 746 2048 822 2124; x_wconf 92' lang='lat' dir='ltr'><strong>post</strong></span> <span class='ocrx_word' id='word_1_140' title='bbox 841 2048 979 2104; x_wconf 89' lang='lat' dir='ltr'><strong>mortem</strong></span> <span class='ocrx_word' id='word_1_141' title='bbox 994 2037 1099 2102; x_wconf 85' lang='lat' dir='ltr'><strong>Attali</strong></span> 
     </span>
     <span class='ocr_line' id='line_1_21' title="bbox 116 2123 1099 2208; baseline 0.001 -22"><span class='ocrx_word' id='word_1_142' title='bbox 116 2123 211 2187; x_wconf 89' lang='lat' dir='ltr'><strong>velut</strong></span> <span class='ocrx_word' id='word_1_143' title='bbox 248 2134 400 2188; x_wconf 88' lang='lat' dir='ltr'><strong>aternum</strong></span> <span class='ocrx_word' id='word_1_144' title='bbox 415 2145 556 2208; x_wconf 80' lang='lat' dir='ltr'><strong>regnum</strong></span> <span class='ocrx_word' id='word_1_145' title='bbox 571 2124 687 2189; x_wconf 87' lang='lat' dir='ltr'><strong>Asiam</strong></span> <span class='ocrx_word' id='word_1_146' title='bbox 700 2125 833 2190; x_wconf 89' lang='lat' dir='ltr'><strong>invasit.</strong></span> <span class='ocrx_word' id='word_1_147' title='bbox 867 2124 980 2204; x_wconf 76' lang='lat' dir='ltr'><strong>Quum</strong></span> <span class='ocrx_word' id='word_1_148' title='bbox 994 2123 1099 2188; x_wconf 88' lang='lat' dir='ltr'><strong>multa</strong></span> 
     </span>
     <span class='ocr_line' id='line_1_22' title="bbox 116 2145 1098 2296; baseline 0.002 -24"><span class='ocrx_word' id='word_1_149' title='bbox 116 2145 264 2273; x_wconf 78' lang='lat' dir='ltr'><strong>secunda</strong></span> <span class='ocrx_word' id='word_1_150' title='bbox 288 2208 416 2295; x_wconf 88' lang='lat' dir='ltr'><strong>proelia</strong></span> <span class='ocrx_word' id='word_1_151' title='bbox 441 2208 600 2274; x_wconf 87' lang='lat' dir='ltr'><strong>adversus</strong></span> <span class='ocrx_word' id='word_1_152' title='bbox 627 2210 791 2290; x_wconf 87' lang='lat' dir='ltr'><strong>civitates,</strong></span> <span class='ocrx_word' id='word_1_153' title='bbox 819 2232 905 2296; x_wconf 89' lang='lat' dir='ltr'><strong>quae</strong></span> <span class='ocrx_word' id='word_1_154' title='bbox 926 2219 1017 2274; x_wconf 89' lang='lat' dir='ltr'><strong>metu</strong></span> <span class='ocrx_word' id='word_1_155' title='bbox 1037 2210 1098 2274; x_wconf 86' lang='lat' dir='ltr'><strong>Ro-</strong></span> 
     </span>
     <span class='ocr_line' id='line_1_23' title="bbox 115 2291 1099 2382; baseline 0 -24"><span class='ocrx_word' id='word_1_156' title='bbox 115 2315 291 2358; x_wconf 91' lang='lat' dir='ltr'><strong>manorum</strong></span> <span class='ocrx_word' id='word_1_157' title='bbox 313 2291 441 2358; x_wconf 80' lang='lat' dir='ltr'><strong>tradere</strong></span> <span class='ocrx_word' id='word_1_158' title='bbox 457 2316 492 2359; x_wconf 88' lang='lat' dir='ltr'><strong>se</strong></span> <span class='ocrx_word' id='word_1_159' title='bbox 507 2295 539 2358; x_wconf 91' lang='lat' dir='ltr'><strong>ei</strong></span> <span class='ocrx_word' id='word_1_160' title='bbox 560 2293 734 2376; x_wconf 88' lang='lat' dir='ltr'><strong>nolebant,</strong></span> <span class='ocrx_word' id='word_1_161' title='bbox 756 2295 903 2377; x_wconf 87' lang='lat' dir='ltr'><strong>fecisset,</strong></span> <span class='ocrx_word' id='word_1_162' title='bbox 921 2297 1099 2382; x_wconf 89' lang='lat' dir='ltr'><strong>justusque</strong></span> 
     </span>
     <span class='ocr_line' id='line_1_24' title="bbox 116 2378 1099 2466; baseline 0.002 -24"><span class='ocrx_word' id='word_1_163' title='bbox 116 2400 178 2443; x_wconf 86' lang='lat' dir='ltr'><strong>rex</strong></span> <span class='ocrx_word' id='word_1_164' title='bbox 187 2381 259 2466; x_wconf 88' lang='lat' dir='ltr'><strong>jam</strong></span> <span class='ocrx_word' id='word_1_165' title='bbox 274 2378 452 2460; x_wconf 86' lang='lat' dir='ltr'><strong>videretur,</strong></span> <span class='ocrx_word' id='word_1_166' title='bbox 467 2379 550 2443; x_wconf 90' lang='lat' dir='ltr'><strong>Asia</strong></span> <span class='ocrx_word' id='word_1_167' title='bbox 566 2380 695 2444; x_wconf 91' lang='lat' dir='ltr'><strong>Licinio</strong></span> <span class='ocrx_word' id='word_1_168' title='bbox 712 2383 830 2444; x_wconf 80' lang='lat' dir='ltr'><strong>Crasso</strong></span> <span class='ocrx_word' id='word_1_169' title='bbox 846 2381 976 2446; x_wconf 90' lang='lat' dir='ltr'><strong>consuli</strong></span> <span class='ocrx_word' id='word_1_170' title='bbox 991 2381 1099 2446; x_wconf 74' lang='lat' dir='ltr'><strong>decen</strong></span> 
     </span>
     <span class='ocr_line' id='line_1_25' title="bbox 116 2465 1099 2552; baseline 0.001 -25"><span class='ocrx_word' id='word_1_171' title='bbox 116 2466 224 2548; x_wconf 81' lang='lat' dir='ltr'><strong>nitur3</strong></span> <span class='ocrx_word' id='word_1_172' title='bbox 251 2466 309 2551; x_wconf 92' lang='lat' dir='ltr'><strong>qui</strong></span> <span class='ocrx_word' id='word_1_173' title='bbox 332 2465 490 2530; x_wconf 85' lang='lat' dir='ltr'><strong>intentior</strong></span> <span class='ocrx_word' id='word_1_174' title='bbox 510 2465 674 2529; x_wconf 84' lang='lat' dir='ltr'><strong>Attalicae</strong></span> <span class='ocrx_word' id='word_1_175' title='bbox 694 2465 854 2552; x_wconf 89' lang='lat' dir='ltr'><strong>praedae,</strong></span> <span class='ocrx_word' id='word_1_176' title='bbox 878 2488 978 2552; x_wconf 88' lang='lat' dir='ltr'><strong>quam</strong></span> <span class='ocrx_word' id='word_1_177' title='bbox 1000 2465 1099 2547; x_wconf 91' lang='lat' dir='ltr'><strong>bello,</strong></span> 
     </span>
     <span class='ocr_line' id='line_1_26' title="bbox 117 2550 1100 2636; baseline 0 -22"><span class='ocrx_word' id='word_1_178' title='bbox 117 2571 223 2634; x_wconf 89' lang='lat' dir='ltr'><strong>quum</strong></span> <span class='ocrx_word' id='word_1_179' title='bbox 249 2559 396 2614; x_wconf 87' lang='lat' dir='ltr'><strong>extremo</strong></span> <span class='ocrx_word' id='word_1_180' title='bbox 422 2550 502 2614; x_wconf 87' lang='lat' dir='ltr'><strong>anni</strong></span> <span class='ocrx_word' id='word_1_181' title='bbox 527 2559 675 2636; x_wconf 88' lang='lat' dir='ltr'><strong>tempore</strong></span> <span class='ocrx_word' id='word_1_182' title='bbox 700 2550 889 2615; x_wconf 89' lang='lat' dir='ltr'><strong>inordinata</strong></span> <span class='ocrx_word' id='word_1_183' title='bbox 915 2553 986 2614; x_wconf 88' lang='lat' dir='ltr'><strong>acic</strong></span> <span class='ocrx_word' id='word_1_184' title='bbox 1008 2570 1100 2635; x_wconf 86' lang='lat' dir='ltr'><strong>proe-</strong></span> 
     </span>
     <span class='ocr_line' id='line_1_27' title="bbox 118 2634 1100 2724; baseline 0.002 -26"><span class='ocrx_word' id='word_1_185' title='bbox 118 2635 201 2698; x_wconf 89' lang='lat' dir='ltr'><strong>lium</strong></span> <span class='ocrx_word' id='word_1_186' title='bbox 218 2636 449 2717; x_wconf 89' lang='lat' dir='ltr'><strong>conseruisset,</strong></span> <span class='ocrx_word' id='word_1_187' title='bbox 460 2635 571 2699; x_wconf 69' lang='lat' dir='ltr'><strong>‘victus</strong></span> <span class='ocrx_word' id='word_1_188' title='bbox 582 2656 708 2724; x_wconf 88' lang='lat' dir='ltr'><strong>poenas</strong></span> <span class='ocrx_word' id='word_1_189' title='bbox 723 2634 929 2700; x_wconf 89' lang='lat' dir='ltr'><strong>inconsultae</strong></span> <span class='ocrx_word' id='word_1_190' title='bbox 941 2637 1100 2701; x_wconf 80' lang='lat' dir='ltr'><strong>avaritiae</strong></span> 
     </span>
     <span class='ocr_line' id='line_1_28' title="bbox 119 2719 1151 2808; baseline 0.003 -24"><span class='ocrx_word' id='word_1_191' title='bbox 119 2721 284 2805; x_wconf 83' lang='lat' dir='ltr'><strong>sanguine</strong></span> <span class='ocrx_word' id='word_1_192' title='bbox 310 2720 410 2785; x_wconf 87' lang='lat' dir='ltr'><strong>dedit.</strong></span> <span class='ocrx_word' id='word_1_193' title='bbox 455 2719 498 2784; x_wconf 91' lang='lat' dir='ltr'><strong>In</strong></span> <span class='ocrx_word' id='word_1_194' title='bbox 524 2720 623 2807; x_wconf 87' lang='lat' dir='ltr'><strong>hujus</strong></span> <span class='ocrx_word' id='word_1_195' title='bbox 649 2720 759 2785; x_wconf 90' lang='lat' dir='ltr'><strong>locum</strong></span> <span class='ocrx_word' id='word_1_196' title='bbox 784 2722 907 2786; x_wconf 90' lang='lat' dir='ltr'><strong>missus</strong></span> <span class='ocrx_word' id='word_1_197' title='bbox 932 2722 1102 2808; x_wconf 84' lang='lat' dir='ltr'><strong>Perperna</strong></span> <span class='ocrx_word' id='word_1_198' title='bbox 1132 2729 1151 2788; x_wconf 75' lang='grc' dir='ltr'><strong>ὁ</strong></span> 
     </span>
     <span class='ocr_line' id='line_1_29' title="bbox 119 2804 1101 2894; baseline 0.002 -25"><span class='ocrx_word' id='word_1_199' title='bbox 119 2804 237 2869; x_wconf 89' lang='lat' dir='ltr'><strong>consul</strong></span> <span class='ocrx_word' id='word_1_200' title='bbox 260 2806 370 2892; x_wconf 90' lang='lat' dir='ltr'><strong>prima</strong></span> <span class='ocrx_word' id='word_1_201' title='bbox 397 2807 630 2891; x_wconf 86' lang='lat' dir='ltr'><strong>congressione</strong></span> <span class='ocrx_word' id='word_1_202' title='bbox 648 2805 880 2871; x_wconf 72' lang='lat' dir='ltr'><strong>&#39;Aristonicum</strong></span> <span class='ocrx_word' id='word_1_203' title='bbox 909 2817 1101 2894; x_wconf 88' lang='lat' dir='ltr'><strong>superatum</strong></span> 
     </span>
     <span class='ocr_line' id='line_1_30' title="bbox 118 2891 1101 2978; baseline 0.003 -25"><span class='ocrx_word' id='word_1_204' title='bbox 118 2891 155 2954; x_wconf 93' lang='lat' dir='ltr'><strong>in</strong></span> <span class='ocrx_word' id='word_1_205' title='bbox 170 2897 365 2976; x_wconf 88' lang='lat' dir='ltr'><strong>potestatem</strong></span> <span class='ocrx_word' id='word_1_206' title='bbox 381 2913 475 2955; x_wconf 90' lang='lat' dir='ltr'><strong>suam</strong></span> <span class='ocrx_word' id='word_1_207' title='bbox 490 2891 628 2976; x_wconf 84' lang='lat' dir='ltr'><strong>redegit,</strong></span> <span class='ocrx_word' id='word_1_208' title='bbox 642 2891 869 2978; x_wconf 87' lang='lat' dir='ltr'><strong>Attalicasque</strong></span> <span class='ocrx_word' id='word_1_209' title='bbox 884 2892 1101 2978; x_wconf 85' lang='lat' dir='ltr'><strong>gazas,·here-</strong></span> 
     </span>
     <span class='ocr_line' id='line_1_31' title="bbox 120 2975 1100 3066; baseline 0.002 -27"><span class='ocrx_word' id='word_1_210' title='bbox 120 2975 255 3040; x_wconf 90' lang='lat' dir='ltr'><strong>ditarias</strong></span> <span class='ocrx_word' id='word_1_211' title='bbox 279 2976 395 3063; x_wconf 91' lang='lat' dir='ltr'><strong>populi</strong></span> <span class='ocrx_word' id='word_1_212' title='bbox 416 2975 577 3058; x_wconf 89' lang='lat' dir='ltr'><strong>Romani,</strong></span> <span class='ocrx_word' id='word_1_213' title='bbox 603 2976 746 3042; x_wconf 89' lang='lat' dir='ltr'><strong>navibus</strong></span> <span class='ocrx_word' id='word_1_214' title='bbox 769 2979 939 3066; x_wconf 89' lang='lat' dir='ltr'><strong>impositas</strong></span> <span class='ocrx_word' id='word_1_215' title='bbox 962 2978 1100 3042; x_wconf 91' lang='lat' dir='ltr'><strong>Romam</strong></span> 
     </span>
     <span class='ocr_line' id='line_1_32' title="bbox 119 3060 1101 3150; baseline 0.001 -26"><span class='ocrx_word' id='word_1_216' title='bbox 119 3061 314 3147; x_wconf 82' lang='lat' dir='ltr'><strong>deportavit.</strong></span> <span class='ocrx_word' id='word_1_217' title='bbox 349 3060 446 3142; x_wconf 76' lang='lat' dir='ltr'><strong>Quod</strong></span> <span class='ocrx_word' id='word_1_218' title='bbox 461 3083 560 3147; x_wconf 83' lang='lat' dir='ltr'><strong>aegre</strong></span> <span class='ocrx_word' id='word_1_219' title='bbox 574 3062 682 3126; x_wconf 89' lang='lat' dir='ltr'><strong>ferens</strong></span> <span class='ocrx_word' id='word_1_220' title='bbox 698 3083 867 3128; x_wconf 88' lang='lat' dir='ltr'><strong>successor</strong></span> <span class='ocrx_word' id='word_1_221' title='bbox 879 3065 953 3150; x_wconf 68' lang='lat' dir='ltr'><strong>ejus</strong></span> <span class='ocrx_word' id='word_1_222' title='bbox 968 3063 1101 3126; x_wconf 88' lang='lat' dir='ltr'><strong>Manius</strong></span> 
     </span>
     <span class='ocr_line' id='line_1_33' title="bbox 116 3146 1100 3234; baseline 0 -24"><span class='ocrx_word' id='word_1_223' title='bbox 116 3146 276 3232; x_wconf 89' lang='lat' dir='ltr'><strong>Aquilius</strong></span> <span class='ocrx_word' id='word_1_224' title='bbox 295 3147 427 3227; x_wconf 91' lang='lat' dir='ltr'><strong>consul,</strong></span> <span class='ocrx_word' id='word_1_225' title='bbox 449 3156 488 3210; x_wconf 91' lang='lat' dir='ltr'><strong>ut</strong></span> <span class='ocrx_word' id='word_1_226' title='bbox 507 3148 553 3211; x_wconf 90' lang='lat' dir='ltr'><strong>eri</strong></span> <span class='ocrx_word' id='word_1_227' title='bbox 579 3156 648 3211; x_wconf 89' lang='lat' dir='ltr'><strong>eret</strong></span> <span class='ocrx_word' id='word_1_228' title='bbox 660 3147 887 3212; x_wconf 89' lang='lat' dir='ltr'><strong>Aristonicum</strong></span> <span class='ocrx_word' id='word_1_229' title='bbox 903 3149 1100 3234; x_wconf 87' lang='lat' dir='ltr'><strong>Perpernae,</strong></span> 
     </span>
     <span class='ocr_line' id='line_1_34' title="bbox 118 3232 1101 3318; baseline 0.002 -25"><span class='ocrx_word' id='word_1_230' title='bbox 118 3233 225 3295; x_wconf 86' lang='lat' dir='ltr'><strong>veluti</strong></span> <span class='ocrx_word' id='word_1_231' title='bbox 244 3234 296 3296; x_wconf 90' lang='lat' dir='ltr'><strong>sui</strong></span> <span class='ocrx_word' id='word_1_232' title='bbox 310 3233 420 3316; x_wconf 88' lang='lat' dir='ltr'><strong>potins</strong></span> <span class='ocrx_word' id='word_1_233' title='bbox 440 3233 562 3318; x_wconf 88' lang='lat' dir='ltr'><strong>triump</strong></span> <span class='ocrx_word' id='word_1_234' title='bbox 588 3234 600 3297; x_wconf 95' lang='lat' dir='ltr'><strong>i</strong></span> <span class='ocrx_word' id='word_1_235' title='bbox 620 3253 741 3296; x_wconf 91' lang='lat' dir='ltr'><strong>munus</strong></span> <span class='ocrx_word' id='word_1_236' title='bbox 758 3255 830 3298; x_wconf 88' lang='lat' dir='ltr'><strong>esse</strong></span> <span class='ocrx_word' id='word_1_237' title='bbox 845 3233 993 3314; x_wconf 86' lang='lat' dir='ltr'><strong>deberet,</strong></span> <span class='ocrx_word' id='word_1_238' title='bbox 1015 3232 1101 3298; x_wconf 89' lang='lat' dir='ltr'><strong>festi-</strong></span> 
     </span>
     <span class='ocr_line' id='line_1_35' title="bbox 118 3316 1101 3384; baseline 0 -4"><span class='ocrx_word' id='word_1_239' title='bbox 118 3326 197 3380; x_wconf 91' lang='lat' dir='ltr'><strong>nata</strong></span> <span class='ocrx_word' id='word_1_240' title='bbox 207 3316 382 3382; x_wconf 80' lang='lat' dir='ltr'><strong>velocitate</strong></span> <span class='ocrx_word' id='word_1_241' title='bbox 393 3317 571 3382; x_wconf 86' lang='lat' dir='ltr'><strong>contendit.</strong></span> <span class='ocrx_word' id='word_1_242' title='bbox 593 3317 661 3384; x_wconf 84' lang='lat' dir='ltr'><strong>Sed</strong></span> <span class='ocrx_word' id='word_1_243' title='bbox 672 3319 915 3383; x_wconf 89' lang='lat' dir='ltr'><strong>contentionem</strong></span> <span class='ocrx_word' id='word_1_244' title='bbox 927 3317 1101 3382; x_wconf 91' lang='lat' dir='ltr'><strong>consulum</strong></span> 
     </span>
     <span class='ocr_line' id='line_1_36' title="bbox 118 3401 1151 3490; baseline 0 -24"><span class='ocrx_word' id='word_1_245' title='bbox 118 3424 208 3467; x_wconf 90' lang='lat' dir='ltr'><strong>mors</strong></span> <span class='ocrx_word' id='word_1_246' title='bbox 222 3401 410 3490; x_wconf 90' lang='lat' dir='ltr'><strong>Perpernae</strong></span> <span class='ocrx_word' id='word_1_247' title='bbox 426 3402 565 3467; x_wconf 89' lang='lat' dir='ltr'><strong>diremit.</strong></span> <span class='ocrx_word' id='word_1_248' title='bbox 603 3404 658 3468; x_wconf 83' lang='lat' dir='ltr'><strong>Sic</strong></span> <span class='ocrx_word' id='word_1_249' title='bbox 672 3404 756 3466; x_wconf 88' lang='lat' dir='ltr'><strong>Asia</strong></span> <span class='ocrx_word' id='word_1_250' title='bbox 770 3403 993 3469; x_wconf 91' lang='lat' dir='ltr'><strong>Romanorum</strong></span> <span class='ocrx_word' id='word_1_251' title='bbox 1015 3403 1102 3468; x_wconf 88' lang='lat' dir='ltr'><strong>facta</strong></span> <span class='ocrx_word' id='word_1_252' title='bbox 1133 3411 1151 3466; x_wconf 88' lang='grc'><strong>6</strong></span> 
     </span>
     <span class='ocr_line' id='line_1_37' title="bbox 119 3488 1017 3575; baseline 0.002 -23"><span class='ocrx_word' id='word_1_253' title='bbox 119 3509 195 3554; x_wconf 90' lang='lat' dir='ltr'><strong>cum</strong></span> <span class='ocrx_word' id='word_1_254' title='bbox 211 3488 414 3574; x_wconf 84' lang='lat' dir='ltr'><strong>opibussuis</strong></span> <span class='ocrx_word' id='word_1_255' title='bbox 429 3488 511 3554; x_wconf 88' lang='lat' dir='ltr'><strong>vitia</strong></span> <span class='ocrx_word' id='word_1_256' title='bbox 526 3509 659 3575; x_wconf 90' lang='lat' dir='ltr'><strong>quoque</strong></span> <span class='ocrx_word' id='word_1_257' title='bbox 673 3488 812 3554; x_wconf 88' lang='lat' dir='ltr'><strong>Romam</strong></span> <span class='ocrx_word' id='word_1_258' title='bbox 827 3491 1017 3556; x_wconf 88' lang='lat' dir='ltr'><strong>transmisit.</strong></span> 
     </span>
    </p>
   </div>
   <div class='ocr_carea' id='block_1_3' title="bbox 0 0 1357 4246">
    <p class='ocr_par' dir='ltr' id='par_1_3' title="bbox 0 0 1357 4246">
     <span class='ocr_line' id='line_1_38' title="bbox 0 0 1357 4246; baseline 0 0"><span class='ocrx_word' id='word_1_259' title='bbox 0 0 1357 4246; x_wconf 95' lang='lat' dir='ltr'><strong> </strong></span> 
     </span>
    </p>
   </div>
  </div>
 </body>
</html>
