2614 4262
249 337 288 400 38
539 338 680 417 JUSTINI
698 337 947 390 HISTORIARUM

248 491 427 556 memoriae
444 491 514 578 ejus
531 487 620 574 apud
636 511 749 552 omnes
761 489 831 570 fuit,
848 496 884 552 ut
893 509 1010 574 parere
1021 511 1119 553 servo
1132 513 1237 576 quam

249 577 401 641 deserere
423 576 511 662 regis
534 574 620 638 filios
642 573 796 655 mallent,
818 573 1053 660 principesque
1076 575 1237 657 civitatis,

232 662 343 728 obliti
364 661 535 745 dignitatis
557 680 653 740 suae,
676 661 771 744 regni
785 660 989 745 majestatem
1006 659 1237 726 administrari

198 755 237 813 18
247 770 307 834 per
319 768 451 812 servum
466 753 668 830 paterentur.
698 744 880 830 Imperium
892 743 1026 808 Siciliae
1039 747 1140 810 etiam
1154 745 1237 811 Oar-

247 833 472 916 thaginienser
488 839 673 908 tentavere,
691 825 814 916 diuque
829 830 923 893 varia
936 830 1075 894 victoria
1089 853 1168 895 oum
1184 841 1237 916 ty-

246 918 360 981 rannis
376 916 577 979 dimicatum.
607 913 661 977 Ad
676 923 888 998 postremum,
905 915 1023 979 amisso
1039 915 1239 982 Hamilcare

247 1003 444 1088 imperatore
459 1021 534 1063 cum
547 1000 704 1080 exercitu,
721 999 960 1086 aliquantisper
971 1001 1129 1086 quievere
1140 1004 1235 1070 victi.

668 1155 744 1205 CAP.
762 1155 810 1206 1v.

516 1239 559 1291 lte
576 1237 722 1304 Rheglnls
741 1237 773 1292 et
789 1236 957 1307 Leontinis.

197 1348 236 1407 19
311 1340 422 1404 Medio
449 1351 597 1427 tempore
625 1362 728 1426 quum
750 1339 893 1425 Rhegini
916 1339 1082 1404 discordia
1101 1341 1236 1406 labora-

247 1435 330 1508 rent,
340 1427 522 1512 civitasque
534 1448 593 1510 per
611 1425 849 1488 dissensionem
862 1424 1010 1489 divisain
1023 1425 1106 1490 duas
1118 1437 1234 1511 partes

248 1521 341 1590 esset,
355 1511 525 1574 Himerani
537 1510 578 1574 ab
592 1509 695 1573 altera
709 1511 847 1594 partein
857 1511 1018 1574 auxilium
1026 1513 1144 1594 vocati,
1158 1513 1237 1597 pul-

247 1598 291 1660 sis
305 1597 447 1677 civitate,
456 1595 1104 1681 contraquosimploratifuerant,etmox
1114 1599 1233 1678 caesis,

247 1682 369 1782 quibus
390 1681 536 1744 tulerant
554 1679 732 1760 auxilium,
756 1678 872 1743 urbem
892 1703 967 1744 cum
983 1681 1183 1768 oon‘ugibus
1200 1694 1238 1748 et

246 1766 359 1831 lrberis
372 1768 534 1830 sociorum
544 1787 624 1829 occu
650 1786 757 1844 avere,
770 1767 842 1828 ausi
854 1705 1075 1830 facinusnulli
1086 1777 1234 1852 tyranno

246 1852 515 1939 comparandum,
522 1852 570 1915 ita
576 1788 903 1932 utllheginismelius
915 1850 1118 1934 fiteritvinci,
1127 1875 1233 1939 quam

245 1937 376 2001 vicisse.
414 1937 500 2000 Nam
524 1938 594 2000 sive
615 1935 794 1999 victoribus
810 1936 1008 2022 captivitatis
1026 1938 1096 2000 'ure
1111 1941 1235 2003 servis-

247 2031 335 2101 sent,
358 2022 428 2085 sive
448 2023 570 2084 amissa
584 2021 691 2105 patria
706 2019 859 2083 exsulare
874 2041 1008 2086 necesse
1019 1959 1233 2104 debuissent,

246 2128 313 2170 non
330 2117 441 2170 tamen
455 2107 542 2168 inter
557 2128 630 2169 aras
647 2114 679 2168 et
694 2105 818 2191 patrios
834 2105 919 2170 lares
933 2107 1097 2189 trucidati,
1113 2109 1234 2172 crude-

247 2190 380 2256 lissimis
404 2192 555 2276 tyrannis
575 2191 717 2276 patriam
741 2211 816 2253 oum
840 2192 1038 2278 conjugibus
1059 2215 1098 2256 ao
1112 2193 1234 2258 liberis

245 2277 404 2362 praedam
420 2275 640 2362 reliquissent.
990 2319 992 2322 .

196 2369 237 2426 20
310 2361 466 2425 Leontini
489 2383 621 2461 quoque
643 2383 745 2447 quum
760 2361 987 2446 Syracusanos
1007 2363 1152 2446 graviter
1174 2385 1235 2448 pa-

246 2455 407 2527 terentur,
431 2446 531 2510 diffisi
546 2445 673 2518 viribus
689 2447 771 2526 suis,
788 2445 950 2509 auxilium
966 2447 1007 2510 ab
1020 2447 1234 2514 Atheniensi-

246 2531 309 2595 bus
332 2534 495 2616 petivere,
521 2533 578 2619 qui
600 2553 657 2594 seu
681 2531 789 2595 studio
812 2532 944 2619 majoris
967 2533 1113 2616 imperii,
1138 2537 1234 2620 quod

246 2617 361 2680 Asiam
379 2617 620 2704 Graeciamque
635 2617 767 2702 penitus
784 2627 1043 2704 occupaverant,
1063 2641 1121 2682 seu
1137 2631 1232 2686 metu

246 2701 352 2765 factae
375 2703 504 2789 pridem
527 2724 547 2764 a
562 2703 778 2785 Syracusanis
802 2701 931 2765 classis:
955 2702 1233 2770 neLacedaemo-

246 2787 311 2850 niis
334 2785 413 2850 illae
435 2788 523 2850 vires
548 2787 758 2866 accederent,
779 2785 958 2851 Lachetem
981 2797 1013 2852 et
1029 2787 1232 2855 Chariadem

246 2871 349 2935 duces
372 2894 448 2935 oum
470 2894 593 2956 magna
616 2871 720 2936 classe
741 2873 777 2936 in
793 2871 940 2936 Siciliam
954 2873 1089 2951 misere,
1111 2883 1150 2938 ut
1165 2877 1234 2940 sub

247 2957 357 3044 specie
379 2957 506 3021 ferendi
521 2957 692 3022 Leontinis
715 2957 828 3022 auxilii
843 2966 1011 3022 tentarent·
1022 2959 1155 3024 Siciliae
1170 2963 1233 3025 im-

197 3048 233 3106 21
245 3043 385 3128 perium.
420 3042 486 3106 Sed
508 3043 662 3106 Leontini
683 3043 754 3106 sive
772 3051 862 3106 metu
877 3043 1142 3126 Atheniensium,
1158 3049 1233 3112 si've

246 3128 355 3192 taedio
376 3127 457 3192 belli
481 3146 595 3213 pacem
618 3151 693 3190 cum
715 3129 950 3212 Syracusanis,
965 3131 1112 3195 remissis
1127 3131 1233 3196 Athe—

247 3213 412 3278 niensium
430 3213 585 3294 auxiliis,
601 3211 758 3276 fecerunt.

675 3367 752 3419 GAP.
770 3368 802 3418 V.

595 3448 715 3506 Bellum
733 3449 877 3508 Siculum.

195 3557 236 3614 22
310 3549 487 3638 Interjecto
512 3549 631 3614 deinde
651 3560 799 3638 tempore
815 3553 1001 3638 Segestani,
1025 3577 1127 3642 quum
1143 3556 1229 3622 fides
