<?xml version="1.0" encoding="UTF-8"?>
<!DOCTYPE html PUBLIC "-//W3C//DTD XHTML 1.0 Transitional//EN"
    "http://www.w3.org/TR/xhtml1/DTD/xhtml1-transitional.dtd">
<html xmlns="http://www.w3.org/1999/xhtml" xml:lang="en" lang="en">
 <head>
  <title>
</title>
<meta http-equiv="Content-Type" content="text/html;charset=utf-8" />
  <meta name='ocr-system' content='tesseract 3.04.00' />
  <meta name='ocr-capabilities' content='ocr_page ocr_carea ocr_par ocr_line ocrx_word'/>
</head>
<body>
  <div class='ocr_page' id='page_1' title='image "./historiarumlibr00eitngoog/historiarumlibr00eitngoog_0224.png"; bbox 0 0 2678 4246; ppageno 0'>
   <div class='ocr_carea' id='block_1_1' title="bbox 458 349 1082 418">
    <p class='ocr_par' dir='ltr' id='par_1_1' title="bbox 458 349 1082 418">
     <span class='ocr_line' id='line_1_1' title="bbox 458 349 1082 418; baseline 0.002 -4"><span class='ocrx_word' id='word_1_1' title='bbox 458 355 460 362; x_wconf 79' lang='grc'><strong>“</strong></span> <span class='ocrx_word' id='word_1_2' title='bbox 478 357 591 414; x_wconf 73' lang='lat' dir='ltr'><strong>arsen</strong></span> <span class='ocrx_word' id='word_1_3' title='bbox 608 357 716 413; x_wconf 73' lang='lat' dir='ltr'><strong>xxxv.</strong></span> <span class='ocrx_word' id='word_1_4' title='bbox 1044 349 1082 418; x_wconf 71' lang='lat'><strong>81</strong></span> 
     </span>
    </p>
   </div>
   <div class='ocr_carea' id='block_1_2' title="bbox 100 501 1144 3154">
    <p class='ocr_par' dir='ltr' id='par_1_2' title="bbox 100 501 1144 3154">
     <span class='ocr_line' id='line_1_2' title="bbox 100 501 1135 603; baseline -0.003 -23"><span class='ocrx_word' id='word_1_5' title='bbox 100 519 174 603; x_wconf 78' lang='lat' dir='ltr'><strong>ejus</strong></span> <span class='ocrx_word' id='word_1_6' title='bbox 193 516 386 580; x_wconf 78' lang='lat' dir='ltr'><strong>memoriam</strong></span> <span class='ocrx_word' id='word_1_7' title='bbox 409 513 452 578; x_wconf 83' lang='lat' dir='ltr'><strong>ab</strong></span> <span class='ocrx_word' id='word_1_8' title='bbox 476 513 629 577; x_wconf 85' lang='lat' dir='ltr'><strong>omnibus</strong></span> <span class='ocrx_word' id='word_1_9' title='bbox 646 512 755 600; x_wconf 83' lang='lat' dir='ltr'><strong>jussit.</strong></span> <span class='ocrx_word' id='word_1_10' title='bbox 799 511 958 576; x_wconf 86' lang='lat' dir='ltr'><strong>Minimus</strong></span> <span class='ocrx_word' id='word_1_11' title='bbox 978 501 1135 592; x_wconf 68' lang='lat' dir='ltr'><strong>aetatett</strong></span> 
     </span>
     <span class='ocr_line' id='line_1_3' title="bbox 101 597 1085 685; baseline -0.003 -21"><span class='ocrx_word' id='word_1_12' title='bbox 101 602 190 664; x_wconf 86' lang='lat' dir='ltr'><strong>inter</strong></span> <span class='ocrx_word' id='word_1_13' title='bbox 211 601 328 664; x_wconf 70' lang='lat' dir='ltr'><strong>fratres</strong></span> <span class='ocrx_word' id='word_1_14' title='bbox 350 598 477 684; x_wconf 87' lang='lat' dir='ltr'><strong>Joseph</strong></span> <span class='ocrx_word' id='word_1_15' title='bbox 500 598 578 680; x_wconf 83' lang='lat' dir='ltr'><strong>fuit3</strong></span> <span class='ocrx_word' id='word_1_16' title='bbox 606 600 701 685; x_wconf 88' lang='lat' dir='ltr'><strong>cujus</strong></span> <span class='ocrx_word' id='word_1_17' title='bbox 723 597 890 662; x_wconf 79' lang='lat' dir='ltr'><strong>excellens</strong></span> <span class='ocrx_word' id='word_1_18' title='bbox 912 598 1085 683; x_wconf 85' lang='lat' dir='ltr'><strong>ingenium</strong></span> 
     </span>
     <span class='ocr_line' id='line_1_4' title="bbox 101 683 1085 770; baseline -0.002 -22"><span class='ocrx_word' id='word_1_19' title='bbox 101 685 201 750; x_wconf 78' lang='lat' dir='ltr'><strong>veriti</strong></span> <span class='ocrx_word' id='word_1_20' title='bbox 215 683 331 748; x_wconf 76' lang='lat' dir='ltr'><strong>fratres</strong></span> <span class='ocrx_word' id='word_1_21' title='bbox 346 683 433 748; x_wconf 84' lang='lat' dir='ltr'><strong>clem</strong></span> <span class='ocrx_word' id='word_1_22' title='bbox 450 685 671 770; x_wconf 83' lang='lat' dir='ltr'><strong>inter-ceptum</strong></span> <span class='ocrx_word' id='word_1_23' title='bbox 692 683 876 768; x_wconf 84' lang='lat' dir='ltr'><strong>peregrinis</strong></span> <span class='ocrx_word' id='word_1_24' title='bbox 898 683 1085 747; x_wconf 82' lang='lat' dir='ltr'><strong>mercatori-</strong></span> 
     </span>
     <span class='ocr_line' id='line_1_5' title="bbox 101 765 1086 855; baseline -0.006 -19"><span class='ocrx_word' id='word_1_25' title='bbox 101 769 165 836; x_wconf 91' lang='lat' dir='ltr'><strong>bus</strong></span> <span class='ocrx_word' id='word_1_26' title='bbox 180 767 412 834; x_wconf 86' lang='lat' dir='ltr'><strong>vendiderunt.</strong></span> <span class='ocrx_word' id='word_1_27' title='bbox 443 771 474 833; x_wconf 91' lang='lat' dir='ltr'><strong>A</strong></span> <span class='ocrx_word' id='word_1_28' title='bbox 489 765 610 854; x_wconf 88' lang='lat' dir='ltr'><strong>quibus</strong></span> <span class='ocrx_word' id='word_1_29' title='bbox 627 768 816 855; x_wconf 85' lang='lat' dir='ltr'><strong>deportatus</strong></span> <span class='ocrx_word' id='word_1_30' title='bbox 831 769 867 831; x_wconf 94' lang='lat' dir='ltr'><strong>in</strong></span> <span class='ocrx_word' id='word_1_31' title='bbox 883 768 1086 853; x_wconf 85' lang='lat' dir='ltr'><strong>Aegyptum,</strong></span> 
     </span>
     <span class='ocr_line' id='line_1_6' title="bbox 101 851 1086 942; baseline -0.003 -23"><span class='ocrx_word' id='word_1_32' title='bbox 101 873 208 942; x_wconf 83' lang='lat' dir='ltr'><strong>quum</strong></span> <span class='ocrx_word' id='word_1_33' title='bbox 232 855 378 940; x_wconf 69' lang='lat' dir='ltr'><strong>magicas</strong></span> <span class='ocrx_word' id='word_1_34' title='bbox 400 851 448 918; x_wconf 88' lang='lat' dir='ltr'><strong>ibi</strong></span> <span class='ocrx_word' id='word_1_35' title='bbox 469 863 558 918; x_wconf 80' lang='lat' dir='ltr'><strong>artes</strong></span> <span class='ocrx_word' id='word_1_36' title='bbox 580 851 705 918; x_wconf 78' lang='lat' dir='ltr'>sollerti</span> <span class='ocrx_word' id='word_1_37' title='bbox 726 854 860 938; x_wconf 80' lang='lat' dir='ltr'><strong>ingenio</strong></span> <span class='ocrx_word' id='word_1_38' title='bbox 876 854 1086 940; x_wconf 74' lang='lat' dir='ltr'><strong>percepisset,</strong></span> 
     </span>
     <span class='ocr_line' id='line_1_7' title="bbox 100 939 1086 1026; baseline -0.004 -20"><span class='ocrx_word' id='word_1_39' title='bbox 100 939 199 1006; x_wconf 85' lang='lat' dir='ltr'><strong>brevi</strong></span> <span class='ocrx_word' id='word_1_40' title='bbox 218 941 286 1026; x_wconf 90' lang='lat' dir='ltr'><strong>ipsi</strong></span> <span class='ocrx_word' id='word_1_41' title='bbox 306 940 379 1024; x_wconf 86' lang='lat' dir='ltr'><strong>regi</strong></span> <span class='ocrx_word' id='word_1_42' title='bbox 400 961 556 1024; x_wconf 72' lang='lat' dir='ltr'><strong>perperus</strong></span> <span class='ocrx_word' id='word_1_43' title='bbox 578 939 650 1002; x_wconf 85' lang='lat' dir='ltr'><strong>fuit.</strong></span> <span class='ocrx_word' id='word_1_44' title='bbox 693 939 780 1004; x_wconf 85' lang='lat' dir='ltr'><strong>Nem</strong></span> <span class='ocrx_word' id='word_1_45' title='bbox 802 948 834 1003; x_wconf 85' lang='lat' dir='ltr'><strong>et</strong></span> <span class='ocrx_word' id='word_1_46' title='bbox 859 939 1086 1025; x_wconf 84' lang='lat' dir='ltr'><strong>prodigiorum</strong></span> 
     </span>
     <span class='ocr_line' id='line_1_8' title="bbox 100 1021 1087 1110; baseline -0.003 -21"><span class='ocrx_word' id='word_1_47' title='bbox 100 1025 336 1110; x_wconf 66' lang='lat' dir='ltr'><strong>sagacissimus</strong></span> <span class='ocrx_word' id='word_1_48' title='bbox 348 1033 420 1089; x_wconf 88' lang='lat' dir='ltr'><strong>erat</strong></span> <span class='ocrx_word' id='word_1_49' title='bbox 432 1032 464 1087; x_wconf 92' lang='lat' dir='ltr'><strong>et</strong></span> <span class='ocrx_word' id='word_1_50' title='bbox 473 1025 677 1088; x_wconf 88' lang='lat' dir='ltr'><strong>somniorum</strong></span> <span class='ocrx_word' id='word_1_51' title='bbox 689 1021 816 1110; x_wconf 88' lang='lat' dir='ltr'><strong>primus</strong></span> <span class='ocrx_word' id='word_1_52' title='bbox 832 1023 1087 1108; x_wconf 78' lang='lat' dir='ltr'><strong>intelligentiam</strong></span> 
     </span>
     <span class='ocr_line' id='line_1_9' title="bbox 101 1109 1136 1196; baseline -0.005 -21"><span class='ocrx_word' id='word_1_53' title='bbox 101 1109 267 1191; x_wconf 76' lang='lat' dir='ltr'><strong>condidit,</strong></span> <span class='ocrx_word' id='word_1_54' title='bbox 286 1109 439 1196; x_wconf 79' lang='lat' dir='ltr'><strong>nihilque</strong></span> <span class='ocrx_word' id='word_1_55' title='bbox 459 1109 564 1174; x_wconf 79' lang='lat' dir='ltr'><strong>divini</strong></span> <span class='ocrx_word' id='word_1_56' title='bbox 574 1110 662 1196; x_wconf 88' lang='lat' dir='ltr'><strong>juris</strong></span> <span class='ocrx_word' id='word_1_57' title='bbox 677 1109 879 1196; x_wconf 81' lang='lat' dir='ltr'><strong>humanique</strong></span> <span class='ocrx_word' id='word_1_58' title='bbox 895 1110 927 1173; x_wconf 90' lang='lat' dir='ltr'><strong>ei</strong></span> <span class='ocrx_word' id='word_1_59' title='bbox 941 1109 1088 1194; x_wconf 87' lang='lat' dir='ltr'><strong>incogni-</strong></span> <span class='ocrx_word' id='word_1_60' title='bbox 1129 1163 1136 1180; x_wconf 82' lang='lat'><strong>,</strong></span> 
     </span>
     <span class='ocr_line' id='line_1_10' title="bbox 101 1193 1088 1278; baseline -0.004 -18"><span class='ocrx_word' id='word_1_61' title='bbox 101 1205 175 1260; x_wconf 87' lang='lat' dir='ltr'><strong>tum</strong></span> <span class='ocrx_word' id='word_1_62' title='bbox 198 1193 390 1277; x_wconf 82' lang='lat' dir='ltr'><strong>videbatur,</strong></span> <span class='ocrx_word' id='word_1_63' title='bbox 417 1195 500 1259; x_wconf 80' lang='lat' dir='ltr'><strong>sdeo</strong></span> <span class='ocrx_word' id='word_1_64' title='bbox 523 1198 560 1258; x_wconf 84' lang='lat' dir='ltr'><strong>ut</strong></span> <span class='ocrx_word' id='word_1_65' title='bbox 581 1196 681 1258; x_wconf 84' lang='lat' dir='ltr'><strong>etism</strong></span> <span class='ocrx_word' id='word_1_66' title='bbox 705 1195 909 1259; x_wconf 80' lang='lat' dir='ltr'><strong>sterilitatem</strong></span> <span class='ocrx_word' id='word_1_67' title='bbox 934 1211 1088 1278; x_wconf 74' lang='lat' dir='ltr'><strong>agrorum</strong></span> 
     </span>
     <span class='ocr_line' id='line_1_11' title="bbox 102 1279 1089 1366; baseline -0.002 -20"><span class='ocrx_word' id='word_1_68' title='bbox 102 1290 183 1346; x_wconf 78' lang='lat' dir='ltr'><strong>ante</strong></span> <span class='ocrx_word' id='word_1_69' title='bbox 204 1281 325 1344; x_wconf 87' lang='lat' dir='ltr'><strong>multos</strong></span> <span class='ocrx_word' id='word_1_70' title='bbox 349 1301 452 1345; x_wconf 82' lang='lat' dir='ltr'><strong>annos</strong></span> <span class='ocrx_word' id='word_1_71' title='bbox 468 1281 662 1365; x_wconf 70' lang='lat' dir='ltr'><strong>providerit,</strong></span> <span class='ocrx_word' id='word_1_72' title='bbox 683 1281 888 1366; x_wconf 87' lang='lat' dir='ltr'><strong>perissetque</strong></span> <span class='ocrx_word' id='word_1_73' title='bbox 903 1281 1011 1343; x_wconf 89' lang='lat' dir='ltr'><strong>omnis</strong></span> <span class='ocrx_word' id='word_1_74' title='bbox 1026 1279 1089 1344; x_wconf 88' lang='lat' dir='ltr'><strong>Ae·</strong></span> 
     </span>
     <span class='ocr_line' id='line_1_12' title="bbox 102 1365 1092 1452; baseline 0 -24"><span class='ocrx_word' id='word_1_75' title='bbox 102 1374 229 1452; x_wconf 82' lang='lat' dir='ltr'><strong>gyptus</strong></span> <span class='ocrx_word' id='word_1_76' title='bbox 250 1366 353 1447; x_wconf 82' lang='lat' dir='ltr'><strong>fame,</strong></span> <span class='ocrx_word' id='word_1_77' title='bbox 375 1367 439 1429; x_wconf 88' lang='lat' dir='ltr'><strong>nisi</strong></span> <span class='ocrx_word' id='word_1_78' title='bbox 454 1366 582 1430; x_wconf 89' lang='lat' dir='ltr'><strong>monitu</strong></span> <span class='ocrx_word' id='word_1_79' title='bbox 598 1367 669 1452; x_wconf 90' lang='lat' dir='ltr'><strong>ejus</strong></span> <span class='ocrx_word' id='word_1_80' title='bbox 684 1387 745 1428; x_wconf 85' lang='lat' dir='ltr'><strong>rex</strong></span> <span class='ocrx_word' id='word_1_81' title='bbox 760 1365 867 1430; x_wconf 88' lang='lat' dir='ltr'><strong>edicto</strong></span> <span class='ocrx_word' id='word_1_82' title='bbox 883 1367 1009 1429; x_wconf 67' lang='lat' dir='ltr'><strong>seriari</strong></span> <span class='ocrx_word' id='word_1_83' title='bbox 1030 1385 1092 1450; x_wconf 22' lang='lat' dir='ltr'><strong>per·</strong></span> 
     </span>
     <span class='ocr_line' id='line_1_13' title="bbox 102 1449 1090 1599; baseline 0 -85"><span class='ocrx_word' id='word_1_84' title='bbox 102 1449 228 1515; x_wconf 87' lang='lat' dir='ltr'><strong>multos</strong></span> <span class='ocrx_word' id='word_1_85' title='bbox 243 1469 349 1515; x_wconf 83' lang='lat' dir='ltr'><strong>annos</strong></span> <span class='ocrx_word' id='word_1_86' title='bbox 363 1451 474 1537; x_wconf 82' lang='lat' dir='ltr'><strong>fruges</strong></span> <span class='ocrx_word' id='word_1_87' title='bbox 492 1452 665 1538; x_wconf 58' lang='lat' dir='ltr'><strong>jussissem</strong></span> <span class='ocrx_word' id='word_1_88' title='bbox 689 1459 847 1599; x_wconf 65' lang='lat' dir='ltr'><strong>tantaque</strong></span> <span class='ocrx_word' id='word_1_89' title='bbox 863 1451 1090 1536; x_wconf 79' lang='lat' dir='ltr'><strong>experimenta</strong></span> 
     </span>
     <span class='ocr_line' id='line_1_14' title="bbox 102 1534 1091 1622; baseline -0.002 -23"><span class='ocrx_word' id='word_1_90' title='bbox 102 1537 179 1622; x_wconf 88' lang='lat' dir='ltr'><strong>ejus</strong></span> <span class='ocrx_word' id='word_1_91' title='bbox 195 1536 352 1616; x_wconf 74' lang='lat' dir='ltr'><strong>fuerunt,</strong></span> <span class='ocrx_word' id='word_1_92' title='bbox 373 1544 410 1600; x_wconf 90' lang='lat' dir='ltr'><strong>ut</strong></span> <span class='ocrx_word' id='word_1_93' title='bbox 424 1557 492 1600; x_wconf 90' lang='lat' dir='ltr'><strong>non</strong></span> <span class='ocrx_word' id='word_1_94' title='bbox 508 1535 550 1600; x_wconf 88' lang='lat' dir='ltr'><strong>ab</strong></span> <span class='ocrx_word' id='word_1_95' title='bbox 572 1534 722 1616; x_wconf 91' lang='lat' dir='ltr'><strong>homine,</strong></span> <span class='ocrx_word' id='word_1_96' title='bbox 747 1555 781 1600; x_wconf 90' lang='lat' dir='ltr'><strong>se</strong></span> <span class='ocrx_word' id='word_1_97' title='bbox 820 1559 840 1600; x_wconf 90' lang='lat' dir='ltr'><strong>a</strong></span> <span class='ocrx_word' id='word_1_98' title='bbox 856 1535 916 1600; x_wconf 91' lang='lat' dir='ltr'><strong>deo</strong></span> <span class='ocrx_word' id='word_1_99' title='bbox 931 1557 1091 1621; x_wconf 87' lang='lat' dir='ltr'><strong>responsa</strong></span> 
     </span>
     <span class='ocr_line' id='line_1_15' title="bbox 104 1617 1140 1706; baseline 0.003 -22"><span class='ocrx_word' id='word_1_100' title='bbox 104 1621 180 1685; x_wconf 80' lang='lat' dir='ltr'><strong>dari</strong></span> <span class='ocrx_word' id='word_1_101' title='bbox 190 1617 392 1685; x_wconf 80' lang='lat' dir='ltr'><strong>viderentur.</strong></span> <span class='ocrx_word' id='word_1_102' title='bbox 414 1621 522 1685; x_wconf 81' lang='lat' dir='ltr'><strong>Filius</strong></span> <span class='ocrx_word' id='word_1_103' title='bbox 535 1622 606 1705; x_wconf 89' lang='lat' dir='ltr'><strong>ejus</strong></span> <span class='ocrx_word' id='word_1_104' title='bbox 618 1621 751 1706; x_wconf 87' lang='lat' dir='ltr'><strong>Moyses</strong></span> <span class='ocrx_word' id='word_1_105' title='bbox 764 1621 835 1701; x_wconf 86' lang='lat' dir='ltr'><strong>fuit,</strong></span> <span class='ocrx_word' id='word_1_106' title='bbox 849 1641 947 1706; x_wconf 89' lang='lat' dir='ltr'><strong>quem</strong></span> <span class='ocrx_word' id='word_1_107' title='bbox 959 1630 1091 1705; x_wconf 87' lang='lat' dir='ltr'><strong>praeter</strong></span> <span class='ocrx_word' id='word_1_108' title='bbox 1101 1630 1140 1688; x_wconf 86' lang='grc'><strong>26</strong></span> 
     </span>
     <span class='ocr_line' id='line_1_16' title="bbox 103 1704 1090 1792; baseline -0.002 -22"><span class='ocrx_word' id='word_1_109' title='bbox 103 1715 265 1792; x_wconf 76' lang='lat' dir='ltr'><strong>paternae</strong></span> <span class='ocrx_word' id='word_1_110' title='bbox 280 1706 436 1770; x_wconf 84' lang='lat' dir='ltr'><strong>scientiae</strong></span> <span class='ocrx_word' id='word_1_111' title='bbox 451 1705 667 1770; x_wconf 83' lang='lat' dir='ltr'><strong>hereditatem</strong></span> <span class='ocrx_word' id='word_1_112' title='bbox 683 1707 782 1768; x_wconf 86' lang='lat' dir='ltr'><strong>etiarn</strong></span> <span class='ocrx_word' id='word_1_113' title='bbox 802 1707 926 1770; x_wconf 84' lang='lat' dir='ltr'><strong>formae</strong></span> <span class='ocrx_word' id='word_1_114' title='bbox 945 1704 1090 1791; x_wconf 89' lang='lat' dir='ltr'><strong>pulchri-</strong></span> 
     </span>
     <span class='ocr_line' id='line_1_17' title="bbox 103 1789 1090 1876; baseline -0.001 -21"><span class='ocrx_word' id='word_1_115' title='bbox 103 1791 187 1855; x_wconf 84' lang='lat' dir='ltr'><strong>tudo</strong></span> <span class='ocrx_word' id='word_1_116' title='bbox 214 1790 475 1854; x_wconf 86' lang='lat' dir='ltr'><strong>commendebat.</strong></span> <span class='ocrx_word' id='word_1_117' title='bbox 520 1789 586 1855; x_wconf 86' lang='lat' dir='ltr'><strong>Sed</strong></span> <span class='ocrx_word' id='word_1_118' title='bbox 611 1791 788 1876; x_wconf 81' lang='lat' dir='ltr'><strong>Aegyptii,</strong></span> <span class='ocrx_word' id='word_1_119' title='bbox 813 1811 918 1876; x_wconf 88' lang='lat' dir='ltr'><strong>quum</strong></span> <span class='ocrx_word' id='word_1_120' title='bbox 944 1789 1090 1855; x_wconf 80' lang='lat' dir='ltr'><strong>scabiem</strong></span> 
     </span>
     <span class='ocr_line' id='line_1_18' title="bbox 105 1875 1091 1962; baseline -0.001 -22"><span class='ocrx_word' id='word_1_121' title='bbox 105 1886 140 1940; x_wconf 91' lang='lat' dir='ltr'><strong>et</strong></span> <span class='ocrx_word' id='word_1_122' title='bbox 154 1875 353 1960; x_wconf 82' lang='lat' dir='ltr'><strong>vitiliginem</strong></span> <span class='ocrx_word' id='word_1_123' title='bbox 375 1885 581 1962; x_wconf 85' lang='lat' dir='ltr'><strong>paterentur,</strong></span> <span class='ocrx_word' id='word_1_124' title='bbox 605 1897 761 1961; x_wconf 91' lang='lat' dir='ltr'><strong>responso</strong></span> <span class='ocrx_word' id='word_1_125' title='bbox 783 1877 900 1940; x_wconf 91' lang='lat' dir='ltr'><strong>moniti</strong></span> <span class='ocrx_word' id='word_1_126' title='bbox 922 1897 1091 1940; x_wconf 89' lang='lat' dir='ltr'><strong>eumcum</strong></span> 
     </span>
     <span class='ocr_line' id='line_1_19' title="bbox 105 1961 1091 2046; baseline 0 -21"><span class='ocrx_word' id='word_1_127' title='bbox 105 1981 128 2025; x_wconf 75' lang='lat' dir='ltr'><strong>a</strong></span> <span class='ocrx_word' id='word_1_128' title='bbox 190 1961 228 2041; x_wconf 88' lang='lat' dir='ltr'><strong>is,</strong></span> <span class='ocrx_word' id='word_1_129' title='bbox 242 1981 286 2024; x_wconf 90' lang='lat' dir='ltr'><strong>ne</strong></span> <span class='ocrx_word' id='word_1_130' title='bbox 299 1963 403 2046; x_wconf 87' lang='lat' dir='ltr'><strong>pestis</strong></span> <span class='ocrx_word' id='word_1_131' title='bbox 419 1961 462 2024; x_wconf 84' lang='lat' dir='ltr'><strong>ad</strong></span> <span class='ocrx_word' id='word_1_132' title='bbox 477 1961 588 2045; x_wconf 88' lang='lat' dir='ltr'><strong>plures</strong></span> <span class='ocrx_word' id='word_1_133' title='bbox 604 1969 764 2044; x_wconf 85' lang='lat' dir='ltr'><strong>serperet,</strong></span> <span class='ocrx_word' id='word_1_134' title='bbox 781 1961 930 2025; x_wconf 88' lang='lat' dir='ltr'><strong>terminis</strong></span> <span class='ocrx_word' id='word_1_135' title='bbox 944 1961 1091 2046; x_wconf 84' lang='lat' dir='ltr'><strong>Aegypti</strong></span> 
     </span>
     <span class='ocr_line' id='line_1_20' title="bbox 104 2044 1091 2133; baseline 0.002 -25"><span class='ocrx_word' id='word_1_136' title='bbox 104 2067 150 2131; x_wconf 89' lang='lat' dir='ltr'><strong>pe</strong></span> <span class='ocrx_word' id='word_1_137' title='bbox 164 2044 247 2109; x_wconf 89' lang='lat' dir='ltr'><strong>lunt.</strong></span> <span class='ocrx_word' id='word_1_138' title='bbox 269 2045 351 2109; x_wconf 84' lang='lat' dir='ltr'><strong>Dux</strong></span> <span class='ocrx_word' id='word_1_139' title='bbox 361 2047 464 2129; x_wconf 88' lang='lat' dir='ltr'><strong>igitur</strong></span> <span class='ocrx_word' id='word_1_140' title='bbox 471 2045 624 2110; x_wconf 84' lang='lat' dir='ltr'><strong>exsulum</strong></span> <span class='ocrx_word' id='word_1_141' title='bbox 633 2045 739 2110; x_wconf 88' lang='lat' dir='ltr'><strong>factus</strong></span> <span class='ocrx_word' id='word_1_142' title='bbox 749 2067 842 2110; x_wconf 85' lang='lat' dir='ltr'><strong>sacre</strong></span> <span class='ocrx_word' id='word_1_143' title='bbox 849 2046 1091 2133; x_wconf 81' lang='lat' dir='ltr'><strong>Aegyptiorum</strong></span> 
     </span>
     <span class='ocr_line' id='line_1_21' title="bbox 104 2125 1091 2217; baseline -0.002 -21"><span class='ocrx_word' id='word_1_144' title='bbox 104 2131 195 2196; x_wconf 84' lang='lat' dir='ltr'><strong>furto</strong></span> <span class='ocrx_word' id='word_1_145' title='bbox 211 2125 356 2211; x_wconf 77' lang='lat' dir='ltr'><strong>abstulit,</strong></span> <span class='ocrx_word' id='word_1_146' title='bbox 373 2150 459 2216; x_wconf 86' lang='lat' dir='ltr'><strong>quae</strong></span> <span class='ocrx_word' id='word_1_147' title='bbox 471 2139 656 2216; x_wconf 86' lang='lat' dir='ltr'><strong>repetentes</strong></span> <span class='ocrx_word' id='word_1_148' title='bbox 671 2132 772 2195; x_wconf 81' lang='lat' dir='ltr'><strong>ermis</strong></span> <span class='ocrx_word' id='word_1_149' title='bbox 784 2132 942 2217; x_wconf 85' lang='lat' dir='ltr'><strong>Aegyptii</strong></span> <span class='ocrx_word' id='word_1_150' title='bbox 958 2132 1091 2196; x_wconf 89' lang='lat' dir='ltr'><strong>domum</strong></span> 
     </span>
     <span class='ocr_line' id='line_1_22' title="bbox 106 2215 1142 2303; baseline 0.004 -23"><span class='ocrx_word' id='word_1_151' title='bbox 106 2215 219 2280; x_wconf 86' lang='lat' dir='ltr'><strong>redire</strong></span> <span class='ocrx_word' id='word_1_152' title='bbox 240 2215 489 2300; x_wconf 77' lang='lat' dir='ltr'><strong>tempestatibus</strong></span> <span class='ocrx_word' id='word_1_153' title='bbox 509 2217 672 2300; x_wconf 88' lang='lat' dir='ltr'><strong>compulsi</strong></span> <span class='ocrx_word' id='word_1_154' title='bbox 693 2225 778 2282; x_wconf 89' lang='lat' dir='ltr'><strong>sunt.</strong></span> <span class='ocrx_word' id='word_1_155' title='bbox 816 2217 934 2303; x_wconf 90' lang='lat' dir='ltr'><strong>Itaque</strong></span> <span class='ocrx_word' id='word_1_156' title='bbox 949 2218 1142 2302; x_wconf 76' lang='lat' dir='ltr'><strong>llloyses,27</strong></span> 
     </span>
     <span class='ocr_line' id='line_1_23' title="bbox 107 2301 1092 2390; baseline 0.002 -26"><span class='ocrx_word' id='word_1_157' title='bbox 107 2301 329 2382; x_wconf 78' lang='lat' dir='ltr'><strong>Damascena,</strong></span> <span class='ocrx_word' id='word_1_158' title='bbox 345 2303 483 2387; x_wconf 85' lang='lat' dir='ltr'><strong>antiqua</strong></span> <span class='ocrx_word' id='word_1_159' title='bbox 497 2302 619 2386; x_wconf 88' lang='lat' dir='ltr'><strong>patria,</strong></span> <span class='ocrx_word' id='word_1_160' title='bbox 635 2303 791 2386; x_wconf 85' lang='lat' dir='ltr'><strong>repetita,</strong></span> <span class='ocrx_word' id='word_1_161' title='bbox 807 2312 951 2367; x_wconf 89' lang='lat' dir='ltr'><strong>montem</strong></span> <span class='ocrx_word' id='word_1_162' title='bbox 967 2303 1092 2390; x_wconf 79' lang='lat' dir='ltr'><strong>Synam</strong></span> 
     </span>
     <span class='ocr_line' id='line_1_24' title="bbox 106 2385 1094 2474; baseline 0.001 -24"><span class='ocrx_word' id='word_1_163' title='bbox 106 2394 264 2471; x_wconf 84' lang='lat' dir='ltr'><strong>oocupat3</strong></span> <span class='ocrx_word' id='word_1_164' title='bbox 290 2405 393 2470; x_wconf 86' lang='lat' dir='ltr'><strong>quum</strong></span> <span class='ocrx_word' id='word_1_165' title='bbox 415 2406 453 2452; x_wconf 88' lang='lat' dir='ltr'><strong>eo</strong></span> <span class='ocrx_word' id='word_1_166' title='bbox 476 2395 551 2472; x_wconf 90' lang='lat' dir='ltr'><strong>post</strong></span> <span class='ocrx_word' id='word_1_167' title='bbox 572 2395 697 2472; x_wconf 87' lang='lat' dir='ltr'><strong>septem</strong></span> <span class='ocrx_word' id='word_1_168' title='bbox 714 2385 841 2452; x_wconf 86' lang='lat' dir='ltr'><strong>dierum</strong></span> <span class='ocrx_word' id='word_1_169' title='bbox 851 2389 1018 2474; x_wconf 86' lang='lat' dir='ltr'><strong>jejunium</strong></span> <span class='ocrx_word' id='word_1_170' title='bbox 1033 2409 1094 2474; x_wconf 89' lang='lat' dir='ltr'><strong>per</strong></span> 
     </span>
     <span class='ocr_line' id='line_1_25' title="bbox 108 2470 1092 2558; baseline 0.002 -24"><span class='ocrx_word' id='word_1_171' title='bbox 108 2470 240 2536; x_wconf 81' lang='lat' dir='ltr'><strong>deserta</strong></span> <span class='ocrx_word' id='word_1_172' title='bbox 255 2470 399 2534; x_wconf 79' lang='lat' dir='ltr'><strong>Arabiae</strong></span> <span class='ocrx_word' id='word_1_173' title='bbox 413 2493 489 2534; x_wconf 90' lang='lat' dir='ltr'><strong>cum</strong></span> <span class='ocrx_word' id='word_1_174' title='bbox 504 2472 628 2558; x_wconf 88' lang='lat' dir='ltr'><strong>populo</strong></span> <span class='ocrx_word' id='word_1_175' title='bbox 644 2493 704 2536; x_wconf 90' lang='lat' dir='ltr'><strong>suo</strong></span> <span class='ocrx_word' id='word_1_176' title='bbox 719 2472 874 2557; x_wconf 73' lang='lat' dir='ltr'><strong>fatigabis</strong></span> <span class='ocrx_word' id='word_1_177' title='bbox 890 2473 1023 2537; x_wconf 86' lang='lat' dir='ltr'><strong>tandem</strong></span> <span class='ocrx_word' id='word_1_178' title='bbox 1038 2495 1092 2536; x_wconf 88' lang='lat' dir='ltr'><strong>ve·</strong></span> 
     </span>
     <span class='ocr_line' id='line_1_26' title="bbox 107 2555 1092 2643; baseline 0.002 -25"><span class='ocrx_word' id='word_1_179' title='bbox 107 2557 228 2637; x_wconf 87' lang='lat' dir='ltr'><strong>nisset,</strong></span> <span class='ocrx_word' id='word_1_180' title='bbox 252 2557 430 2641; x_wconf 88' lang='lat' dir='ltr'><strong>septimum</strong></span> <span class='ocrx_word' id='word_1_181' title='bbox 452 2555 559 2638; x_wconf 88' lang='lat' dir='ltr'><strong>diem,</strong></span> <span class='ocrx_word' id='word_1_182' title='bbox 580 2579 671 2621; x_wconf 89' lang='lat' dir='ltr'><strong>more</strong></span> <span class='ocrx_word' id='word_1_183' title='bbox 693 2559 801 2642; x_wconf 86' lang='lat' dir='ltr'><strong>gentis</strong></span> <span class='ocrx_word' id='word_1_184' title='bbox 816 2556 962 2622; x_wconf 82' lang='lat' dir='ltr'><strong>Sabbata</strong></span> <span class='ocrx_word' id='word_1_185' title='bbox 981 2557 1092 2643; x_wconf 86' lang='lat' dir='ltr'><strong>appel-</strong></span> 
     </span>
     <span class='ocr_line' id='line_1_27' title="bbox 108 2640 1093 2728; baseline 0.001 -23"><span class='ocrx_word' id='word_1_186' title='bbox 108 2640 229 2722; x_wconf 83' lang='lat' dir='ltr'><strong>letum,</strong></span> <span class='ocrx_word' id='word_1_187' title='bbox 249 2642 284 2704; x_wconf 91' lang='lat' dir='ltr'><strong>in</strong></span> <span class='ocrx_word' id='word_1_188' title='bbox 302 2662 398 2705; x_wconf 89' lang='lat' dir='ltr'><strong>omne</strong></span> <span class='ocrx_word' id='word_1_189' title='bbox 413 2662 531 2705; x_wconf 87' lang='lat' dir='ltr'><strong>aevum</strong></span> <span class='ocrx_word' id='word_1_190' title='bbox 541 2643 670 2728; x_wconf 90' lang='lat' dir='ltr'><strong>jejunio</strong></span> <span class='ocrx_word' id='word_1_191' title='bbox 687 2642 842 2723; x_wconf 85' lang='lat' dir='ltr'><strong>sacravit,</strong></span> <span class='ocrx_word' id='word_1_192' title='bbox 886 2643 1020 2706; x_wconf 89' lang='lat' dir='ltr'><strong>uoniam</strong></span> <span class='ocrx_word' id='word_1_193' title='bbox 1034 2641 1093 2706; x_wconf 87' lang='lat' dir='ltr'><strong>illa</strong></span> 
     </span>
     <span class='ocr_line' id='line_1_28' title="bbox 109 2665 1093 2813; baseline 0.003 -24"><span class='ocrx_word' id='word_1_194' title='bbox 109 2725 182 2790; x_wconf 91' lang='lat' dir='ltr'><strong>dies</strong></span> <span class='ocrx_word' id='word_1_195' title='bbox 208 2725 327 2789; x_wconf 81' lang='lat' dir='ltr'><strong>famem</strong></span> <span class='ocrx_word' id='word_1_196' title='bbox 353 2725 420 2790; x_wconf 91' lang='lat' dir='ltr'><strong>illis</strong></span> <span class='ocrx_word' id='word_1_197' title='bbox 446 2748 654 2813; x_wconf 87' lang='lat' dir='ltr'><strong>erroremque</strong></span> <span class='ocrx_word' id='word_1_198' title='bbox 680 2726 819 2792; x_wconf 86' lang='lat' dir='ltr'><strong>finierat.</strong></span> <span class='ocrx_word' id='word_1_199' title='bbox 863 2665 909 2791; x_wconf 71' lang='lat' dir='ltr'><strong>lit</strong></span> <span class='ocrx_word' id='word_1_200' title='bbox 935 2729 1093 2813; x_wconf 88' lang='lat' dir='ltr'><strong>quoniam</strong></span> 
     </span>
     <span class='ocr_line' id='line_1_29' title="bbox 108 2810 1092 2900; baseline 0.001 -25"><span class='ocrx_word' id='word_1_201' title='bbox 108 2819 207 2875; x_wconf 83' lang='lat' dir='ltr'><strong>metu.</strong></span> <span class='ocrx_word' id='word_1_202' title='bbox 224 2810 429 2894; x_wconf 86' lang='lat' dir='ltr'><strong>contagionis</strong></span> <span class='ocrx_word' id='word_1_203' title='bbox 450 2811 564 2898; x_wconf 87' lang='lat' dir='ltr'><strong>pulsos</strong></span> <span class='ocrx_word' id='word_1_204' title='bbox 581 2834 616 2876; x_wconf 89' lang='lat' dir='ltr'><strong>se</strong></span> <span class='ocrx_word' id='word_1_205' title='bbox 631 2811 672 2876; x_wconf 86' lang='lat' dir='ltr'><strong>ab</strong></span> <span class='ocrx_word' id='word_1_206' title='bbox 688 2813 841 2900; x_wconf 88' lang='lat' dir='ltr'><strong>Aegypto</strong></span> <span class='ocrx_word' id='word_1_207' title='bbox 864 2815 1092 2894; x_wconf 87' lang='lat' dir='ltr'><strong>meminerant,</strong></span> 
     </span>
     <span class='ocr_line' id='line_1_30' title="bbox 109 2895 1092 2982; baseline 0 -22"><span class='ocrx_word' id='word_1_208' title='bbox 109 2917 154 2960; x_wconf 90' lang='lat' dir='ltr'><strong>ne</strong></span> <span class='ocrx_word' id='word_1_209' title='bbox 170 2895 286 2960; x_wconf 87' lang='lat' dir='ltr'><strong>eadem</strong></span> <span class='ocrx_word' id='word_1_210' title='bbox 302 2917 401 2960; x_wconf 88' lang='lat' dir='ltr'><strong>eausa</strong></span> <span class='ocrx_word' id='word_1_211' title='bbox 416 2896 516 2961; x_wconf 89' lang='lat' dir='ltr'><strong>invisi</strong></span> <span class='ocrx_word' id='word_1_212' title='bbox 531 2898 620 2982; x_wconf 87' lang='lat' dir='ltr'><strong>apud</strong></span> <span class='ocrx_word' id='word_1_213' title='bbox 634 2897 898 2979; x_wconf 83' lang='lat' dir='ltr'><strong>incolas-forent,</strong></span> <span class='ocrx_word' id='word_1_214' title='bbox 923 2906 1092 2979; x_wconf 81' lang='lat' dir='ltr'><strong>caverunt,</strong></span> 
     </span>
     <span class='ocr_line' id='line_1_31' title="bbox 110 2982 1144 3069; baseline 0.004 -25"><span class='ocrx_word' id='word_1_215' title='bbox 110 3004 155 3045; x_wconf 89' lang='lat' dir='ltr'><strong>ne</strong></span> <span class='ocrx_word' id='word_1_216' title='bbox 175 3003 252 3044; x_wconf 88' lang='lat' dir='ltr'><strong>eum</strong></span> <span class='ocrx_word' id='word_1_217' title='bbox 274 2982 457 3066; x_wconf 86' lang='lat' dir='ltr'><strong>peregrinis</strong></span> <span class='ocrx_word' id='word_1_218' title='bbox 477 2984 704 3047; x_wconf 79' lang='lat' dir='ltr'><strong>conviverent.</strong></span> <span class='ocrx_word' id='word_1_219' title='bbox 739 2983 819 3048; x_wconf 90' lang='lat' dir='ltr'><strong>Post</strong></span> <span class='ocrx_word' id='word_1_220' title='bbox 833 2982 971 3069; x_wconf 89' lang='lat' dir='ltr'><strong>Moysen</strong></span> <span class='ocrx_word' id='word_1_221' title='bbox 995 2985 1144 3048; x_wconf 64' lang='lat' dir='ltr'><strong>etiamid</strong></span> 
     </span>
     <span class='ocr_line' id='line_1_32' title="bbox 109 3066 1094 3154; baseline 0.002 -24"><span class='ocrx_word' id='word_1_222' title='bbox 109 3067 201 3131; x_wconf 86' lang='lat' dir='ltr'><strong>filius</strong></span> <span class='ocrx_word' id='word_1_223' title='bbox 226 3068 296 3154; x_wconf 86' lang='lat' dir='ltr'><strong>ejus</strong></span> <span class='ocrx_word' id='word_1_224' title='bbox 311 3066 418 3130; x_wconf 88' lang='lat' dir='ltr'><strong>Arvas</strong></span> <span class='ocrx_word' id='word_1_225' title='bbox 439 3067 590 3144; x_wconf 79' lang='lat' dir='ltr'><strong>sacerdos</strong></span> <span class='ocrx_word' id='word_1_226' title='bbox 605 3069 706 3132; x_wconf 89' lang='lat' dir='ltr'><strong>sacris</strong></span> <span class='ocrx_word' id='word_1_227' title='bbox 721 3068 911 3153; x_wconf 87' lang='lat' dir='ltr'><strong>Aegyptiis,</strong></span> <span class='ocrx_word' id='word_1_228' title='bbox 935 3090 1013 3132; x_wconf 86' lang='lat' dir='ltr'><strong>mox</strong></span> <span class='ocrx_word' id='word_1_229' title='bbox 1033 3091 1094 3132; x_wconf 81' lang='lat' dir='ltr'><strong>rex</strong></span> 
     </span>
    </p>
   </div>
   <div class='ocr_carea' id='block_1_3' title="bbox 111 3152 1092 3242">
    <p class='ocr_par' dir='ltr' id='par_1_3' title="bbox 111 3152 1092 3242">
     <span class='ocr_line' id='line_1_33' title="bbox 111 3152 1092 3242; baseline 0.002 -26"><span class='ocrx_word' id='word_1_230' title='bbox 111 3160 258 3235; x_wconf 64' lang='lat' dir='ltr'><strong>creatum</strong></span> <span class='ocrx_word' id='word_1_231' title='bbox 275 3172 470 3238; x_wconf 86' lang='lat' dir='ltr'><strong>semperque</strong></span> <span class='ocrx_word' id='word_1_232' title='bbox 486 3153 606 3217; x_wconf 85' lang='lat' dir='ltr'><strong>exinde</strong></span> <span class='ocrx_word' id='word_1_233' title='bbox 618 3152 672 3217; x_wconf 90' lang='lat' dir='ltr'><strong>hic</strong></span> <span class='ocrx_word' id='word_1_234' title='bbox 684 3174 753 3217; x_wconf 91' lang='lat' dir='ltr'><strong>mos</strong></span> <span class='ocrx_word' id='word_1_235' title='bbox 765 3153 855 3242; x_wconf 89' lang='lat' dir='ltr'><strong>apud</strong></span> <span class='ocrx_word' id='word_1_236' title='bbox 865 3153 1010 3218; x_wconf 80' lang='lat' dir='ltr'><strong>ludaeos</strong></span> <span class='ocrx_word' id='word_1_237' title='bbox 1022 3154 1092 3236; x_wconf 86' lang='lat' dir='ltr'><strong>fuit,</strong></span> 
     </span>
    </p>
   </div>
   <div class='ocr_carea' id='block_1_4' title="bbox 31 3235 843 3322">
    <p class='ocr_par' dir='ltr' id='par_1_4' title="bbox 31 3235 843 3322">
     <span class='ocr_line' id='line_1_34' title="bbox 31 3235 843 3322; baseline 0.002 -21"><span class='ocrx_word' id='word_1_238' title='bbox 31 3295 32 3316; x_wconf 62' lang='lat'><strong>,</strong></span> <span class='ocrx_word' id='word_1_239' title='bbox 111 3246 150 3301; x_wconf 90' lang='lat' dir='ltr'><strong>ut</strong></span> <span class='ocrx_word' id='word_1_240' title='bbox 163 3236 298 3302; x_wconf 88' lang='lat' dir='ltr'><strong>eosdem</strong></span> <span class='ocrx_word' id='word_1_241' title='bbox 316 3255 411 3322; x_wconf 82' lang='lat' dir='ltr'><strong>reges</strong></span> <span class='ocrx_word' id='word_1_242' title='bbox 428 3243 460 3301; x_wconf 89' lang='lat' dir='ltr'><strong>et</strong></span> <span class='ocrx_word' id='word_1_243' title='bbox 475 3237 659 3303; x_wconf 84' lang='lat' dir='ltr'><strong>sacerdotes</strong></span> <span class='ocrx_word' id='word_1_244' title='bbox 674 3235 843 3303; x_wconf 83' lang='lat' dir='ltr'><strong>heberent.</strong></span> 
     </span>
    </p>
   </div>
   <div class='ocr_carea' id='block_1_5' title="bbox 232 3393 975 3545">
    <p class='ocr_par' dir='ltr' id='par_1_5' title="bbox 232 3393 975 3545">
     <span class='ocr_line' id='line_1_35' title="bbox 232 3393 975 3545; baseline 0.003 -15"><span class='ocrx_word' id='word_1_245' title='bbox 232 3473 477 3532; x_wconf 66' lang='lat' dir='ltr'><strong>assessorum</strong></span> <span class='ocrx_word' id='word_1_246' title='bbox 494 3393 803 3534; x_wconf 58' lang='lat' dir='ltr'><strong>nlAplnlll&#39;omsma</strong></span> <span class='ocrx_word' id='word_1_247' title='bbox 820 3475 975 3545; x_wconf 71' lang='lat' dir='ltr'><strong>emon.</strong></span> 
     </span>
    </p>
   </div>
   <div class='ocr_carea' id='block_1_6' title="bbox 174 3574 1144 3755">
    <p class='ocr_par' dir='ltr' id='par_1_6' title="bbox 174 3574 1144 3755">
     <span class='ocr_line' id='line_1_36' title="bbox 174 3574 1144 3666; baseline 0.004 -26"><span class='ocrx_word' id='word_1_248' title='bbox 174 3574 270 3662; x_wconf 85' lang='lat' dir='ltr'><strong>Opes</strong></span> <span class='ocrx_word' id='word_1_249' title='bbox 295 3579 387 3663; x_wconf 84' lang='lat' dir='ltr'><strong>genti</strong></span> <span class='ocrx_word' id='word_1_250' title='bbox 410 3595 453 3643; x_wconf 81' lang='lat' dir='ltr'><strong>ex</strong></span> <span class='ocrx_word' id='word_1_251' title='bbox 477 3579 696 3664; x_wconf 76' lang='lat' dir='ltr'><strong>vectigalibus</strong></span> <span class='ocrx_word' id='word_1_252' title='bbox 722 3579 926 3666; x_wconf 76' lang='lat' dir='ltr'><strong>opobalsami</strong></span> <span class='ocrx_word' id='word_1_253' title='bbox 951 3588 1144 3664; x_wconf 61' lang='lat' dir='ltr'><strong>mortereis</strong></span> 
     </span>
     <span class='ocr_line' id='line_1_37' title="bbox 922 3701 939 3755; baseline 0 0"><span class='ocrx_word' id='word_1_254' title='bbox 922 3701 939 3755; x_wconf 87' lang='lat'>6</span> 
     </span>
    </p>
   </div>
   <div class='ocr_carea' id='block_1_7' title="bbox 0 0 1358 4246">
    <p class='ocr_par' dir='ltr' id='par_1_7' title="bbox 0 0 1358 4246">
     <span class='ocr_line' id='line_1_38' title="bbox 0 0 1358 4246; baseline 0 0"><span class='ocrx_word' id='word_1_255' title='bbox 0 0 1358 4246; x_wconf 95' lang='lat' dir='ltr'><strong> </strong></span> 
     </span>
    </p>
   </div>
  </div>
 </body>
</html>
