2666 4246
378 389 383 406 ³
417 381 538 432 ‘UBEB
556 379 627 431 XVI.
646 381 731 433 XVII.
772 421 775 428 .
1014 377 1072 439 1⁰⁹

101 531 191 616 quasi
210 553 328 616 regna,
350 553 415 594 non
437 530 658 618 praefecturas
682 531 886 611 divisissent,
908 533 955 595 eie
977 553 1072 618 reges

100 637 145 678 ex
162 617 333 704 praefectis
349 616 440 696 facti,
464 637 602 700 magnas
618 638 696 716 apes
712 637 779 680 non
795 615 859 680 sibi
875 626 1002 682 tantum
1017 639 1073 703 pa·

100 709 260 784 naverunt,
275 723 392 766 verum
408 701 506 765 etiam
522 710 662 787 posterla
677 702 892 788 reliquerunt.
967 753 970 762 ,

504 873 659 886 ——2-

434 1009 581 1086 trena
607 1009 727 1086 nvn.

140 1132 145 1142 '
187 1132 320 1205 Prima
346 1132 452 1205 inter
477 1154 723 1206 successores
751 1133 976 1206 certamIna

288 1355 407 1418 Bellum
425 1282 608 1420 arnaeffii
621 1283 693 1419 Ienm
710 1361 883 1432 Antipatro.

158 1464 248 1530 Dum
267 1464 350 1530 haec
366 1467 404 1529 in
427 1465 563 1530 Oriente
585 1475 745 1552 aguntur,
764 1467 800 1530 in
816 1466 959 1532 Graecia
972 1467 1098 1532 Athe-1

96 1549 224 1614 aienses
248 1559 280 1614 et
294 1550 405 1614 Aetoli
426 1550 566 1632 bellum,
590 1551 680 1652 qued
698 1551 770 1638 jam
786 1552 863 1616 vivo
878 1551 1071 1618 Alexandro

97 1643 280 1718 moverant,
301 1636 439 1700 summis
459 1635 586 1700 viribus
601 1635 817 1700 matruebant.
849 1636 977 1702 Causae
992 1637 1072 1701 belli

97 1729 203 1802 erant,
236 1719 325 1808 quod
347 1743 496 1785 reversus
518 1719 559 1785 ab
583 1719 679 1784 India
702 1720 895 1786 Alexander
917 1720 1072 1806 epistolas

97 1807 131 1868 in
153 1804 328 1870 Graeciam
355 1807 544 1894 scripserat,
572 1807 693 1894 quibus
720 1807 868 1870 omnium
889 1807 1071 1870 civitatium

97 1890 236 1974 exsules,
248 1900 379 1977 praeter
391 1885 500 1956 caedis
513 1891 669 1973 damnati,
679 1890 946 1955 restituebantur.
977 1890 1071 1971 Quae

97 1977 264 2058 recitatae,
294 1985 466 2062 praesente
492 1979 648 2041 universa
674 1976 833 2056 Graecia,
862 1976 898 2040 in
924 1987 1071 2041 mereatu

96 2059 291 2148 Olympiaca
303 2085 440 2148 magnos
454 2071 561 2126 motus
577 2063 733 2143 fecerunt,
750 2061 839 2150 quod
853 2061 989 2164 plurimi
1003 2084 1071 2127 nen

96 2145 224 2231 legibus
240 2147 329 2233 pulsi
349 2149 455 2232 patria
476 2147 620 2230 fuerant,
644 2147 702 2212 sed
717 2169 777 2234 per
790 2147 967 2213 factronem
984 2150 1071 2233 prin-

96 2231 223 2316 cipum,
248 2231 439 2297 verentibus
464 2232 582 2298 iisdem
610 2233 832 2319 principibus,
858 2256 901 2298 ne
925 2235 1071 2298 revocati

96 2319 292 2400 potentiores
318 2318 354 2381 in
379 2317 551 2404 republica
575 2318 701 2384 fierent.
742 2319 856 2383 Palam
883 2320 984 2404 igitur
1006 2319 1100 2383 'emt

95 2412 174 2466 tunc
193 2401 317 2468 multae
332 2403 480 2468 civitates
487 2451 497 2486 ,
521 2403 705 2468 libertatem
720 2403 809 2468 bello
825 2343 1071 2484 vindicantibrn,

94 2487 287 2552 fremebant.
318 2487 429 2552 Princi
455 2511 489 2553 es
512 2497 621 2554 tamen
642 2488 1024 2554 omniumAthe'nienses
1041 2499 1072 2552 et
1098 2513 1101 2520 ’

95 2573 204 2636 Aetoli
216 2574 316 2638 fuere.
344 2573 417 2654 Quo
453 2597 556 2661 quum
568 2577 760 2639 nunciatum
772 2572 964 2638 Alexandro
978 2583 1070 2656 esset,

96 2656 186 2721 mille
197 2679 299 2722 naves
311 2658 427 2744 longas
440 2661 538 2725 sociis
550 2661 705 2745 imperari
716 2668 937 2746 praeceperat,
950 2659 1071 2745 quibus

22 2803 24 2808 ,
96 2743 128 2806 in
145 2742 327 2808 Occidente
341 2743 467 2830 bellum
483 2755 626 2830 gereret,
644 2766 910 2831 excnreurusque
926 2767 1001 2810 cum
1017 2765 1072 2810 va·

95 2826 165 2891 lida
178 2851 280 2906 manu
293 2829 401 2894 fuerat
415 2829 458 2894 ad
472 2829 620 2895 Athenas
636 2829 803 2896 delendas.

159 2913 378 2982 Athenienses
407 2916 523 3002 igitur,
563 2924 730 2980 contracto
764 2914 901 3000 triginta
930 2915 1100 2982 millium3

95 3001 246 3063 exercitu
259 3008 291 3062 et
306 3000 456 3065 ducentis
471 3000 631 3082 navibus,
653 3001 779 3065 bellum
794 3023 870 3064 cum
887 3001 1071 3085 Antipatr0,

22 3095 23 3120 ¹
94 3085 149 3148 eui
163 3083 304 3149 Graecia
314 3095 401 3150 sorte
413 3094 576 3167 evenerat,
616 3096 721 3167 erunt,
737 3095 879 3172 eumq'ue
892 3085 1072 3150 detrectan-

97 3179 161 3232 tem
201 3169 338 3234 roelium
355 3180 388 3236 et
400 3171 536 3236 Lamiae
556 3109 649 3235 urbis
671 3169 845 3236 moenibus
867 3178 1024 3234 tuentem
1037 3191 1072 3234 se

97 3193 267 3320 obsitlione
297 3257 445 3342 cingunt.
490 3256 617 3338 Eodem
647 3268 794 3343 tempore
820 3254 1101 3337 Demosthenes,4

95 3339 449 3423 Atheniensis‘crator,
468 3341 583 3429 pulsus
599 3342 705 3427 patria
720 3342 801 3406 forte
816 3339 961 3492 Mssfiaflfl
977 3351 1073 3406 exsu-

22 3471 23 3476 η
96 3425 197 3506 labat,
223 3427 295 3511 qui,
319 3435 357 3490 ut
377 3427 576 3492 missum-ab
593 3426 852 3491 Atheniensibus
899 3425 1072 3511 yperidem

96 3511 240 3595 legatum
264 3513 435 3596 cognovit,
461 3514 519 3600 qui
534 3512 801 3598 Peloponnenses
823 3511 1074 3578 insacietatem

95 3617 265 3662 armorum.
278 3597 485 3677 sollicitaret,
496 3606 635 3664 'secutus
651 3621 726 3662 eum
741 3597 901 3682 Sicyone,
918 3597 1025 3682 Argos
1042 3605 1081 3686 et·
