<?xml version="1.0" encoding="UTF-8"?>
<!DOCTYPE html PUBLIC "-//W3C//DTD XHTML 1.0 Transitional//EN"
    "http://www.w3.org/TR/xhtml1/DTD/xhtml1-transitional.dtd">
<html xmlns="http://www.w3.org/1999/xhtml" xml:lang="en" lang="en">
 <head>
  <title>
</title>
<meta http-equiv="Content-Type" content="text/html;charset=utf-8" />
  <meta name='ocr-system' content='tesseract 3.04.00' />
  <meta name='ocr-capabilities' content='ocr_page ocr_carea ocr_par ocr_line ocrx_word'/>
</head>
<body>
  <div class='ocr_page' id='page_1' title='image "./historiarumlibr00eitngoog/historiarumlibr00eitngoog_0045.png"; bbox 0 0 2658 4244; ppageno 0'>
   <div class='ocr_carea' id='block_1_1' title="bbox 252 279 942 343">
    <p class='ocr_par' dir='ltr' id='par_1_1' title="bbox 252 279 942 343">
     <span class='ocr_line' id='line_1_1' title="bbox 252 279 942 343; baseline 0.03 -22"><span class='ocrx_word' id='word_1_1' title='bbox 252 283 290 343; x_wconf 73' lang='lat'><strong>36</strong></span> <span class='ocrx_word' id='word_1_2' title='bbox 534 279 673 333; x_wconf 78' lang='lat' dir='ltr'><strong>JUSTINI</strong></span> <span class='ocrx_word' id='word_1_3' title='bbox 691 282 942 342; x_wconf 78' lang='lat' dir='ltr'><strong>HISTORIARUM</strong></span> 
     </span>
    </p>
   </div>
   <div class='ocr_carea' id='block_1_2' title="bbox 222 429 1258 798">
    <p class='ocr_par' dir='ltr' id='par_1_2' title="bbox 222 429 1258 798">
     <span class='ocr_line' id='line_1_2' title="bbox 222 429 1258 540; baseline 0.024 -39"><span class='ocrx_word' id='word_1_4' title='bbox 222 434 356 501; x_wconf 74' lang='lat' dir='ltr'><strong>tvenit.</strong></span> <span class='ocrx_word' id='word_1_5' title='bbox 392 429 472 494; x_wconf 86' lang='lat' dir='ltr'><strong>Post</strong></span> <span class='ocrx_word' id='word_1_6' title='bbox 490 429 572 493; x_wconf 89' lang='lat' dir='ltr'><strong>haec</strong></span> <span class='ocrx_word' id='word_1_7' title='bbox 587 431 700 495; x_wconf 85' lang='lat' dir='ltr'><strong>navali</strong></span> <span class='ocrx_word' id='word_1_8' title='bbox 714 434 840 518; x_wconf 89' lang='lat' dir='ltr'><strong>proelio</strong></span> <span class='ocrx_word' id='word_1_9' title='bbox 857 437 1063 514; x_wconf 81' lang='lat' dir='ltr'><strong>dimicatum</strong></span> <span class='ocrx_word' id='word_1_10' title='bbox 1082 464 1155 540; x_wconf 72' lang='lat' dir='ltr'><strong>est,</strong></span> <span class='ocrx_word' id='word_1_11' title='bbox 1179 461 1258 524; x_wconf 84' lang='lat' dir='ltr'><strong>victi</strong></span> 
     </span>
     <span class='ocr_line' id='line_1_3' title="bbox 251 516 1257 629; baseline 0.026 -43"><span class='ocrx_word' id='word_1_12' title='bbox 251 516 508 586; x_wconf 84' lang='lat' dir='ltr'><strong>Lacedaemonii</strong></span> <span class='ocrx_word' id='word_1_13' title='bbox 523 516 692 600; x_wconf 79' lang='lat' dir='ltr'><strong>ingerunt.</strong></span> <span class='ocrx_word' id='word_1_14' title='bbox 730 519 761 582; x_wconf 88' lang='lat' dir='ltr'>N</span> <span class='ocrx_word' id='word_1_15' title='bbox 763 541 800 582; x_wconf 89' lang='lat' dir='ltr'><strong>ec</strong></span> <span class='ocrx_word' id='word_1_16' title='bbox 821 536 990 594; x_wconf 84' lang='lat' dir='ltr'><strong>cessatum</strong></span> <span class='ocrx_word' id='word_1_17' title='bbox 1005 533 1182 629; x_wconf 77' lang='lat' dir='ltr'>deinceps</span> <span class='ocrx_word' id='word_1_18' title='bbox 1198 557 1257 629; x_wconf 77' lang='lat' dir='ltr'><strong>est,</strong></span> 
     </span>
     <span class='ocr_line' id='line_1_4' title="bbox 253 604 1257 694; baseline 0.027 -24"><span class='ocrx_word' id='word_1_19' title='bbox 253 607 336 694; x_wconf 90' lang='lat' dir='ltr'><strong>quin</strong></span> <span class='ocrx_word' id='word_1_20' title='bbox 348 610 411 666; x_wconf 84' lang='lat' dir='ltr'><strong>aut</strong></span> <span class='ocrx_word' id='word_1_21' title='bbox 420 609 521 680; x_wconf 79' lang='lat' dir='ltr'><strong>terra,</strong></span> <span class='ocrx_word' id='word_1_22' title='bbox 545 604 699 666; x_wconf 84' lang='lat' dir='ltr'><strong>autmari</strong></span> <span class='ocrx_word' id='word_1_23' title='bbox 713 606 808 668; x_wconf 79' lang='lat' dir='ltr'><strong>varia</strong></span> <span class='ocrx_word' id='word_1_24' title='bbox 822 611 1032 691; x_wconf 87' lang='lat' dir='ltr'><strong>proeliorum</strong></span> <span class='ocrx_word' id='word_1_25' title='bbox 1048 622 1196 694; x_wconf 83' lang='lat' dir='ltr'><strong>fortuna</strong></span> <span class='ocrx_word' id='word_1_26' title='bbox 1210 631 1257 694; x_wconf 88' lang='lat' dir='ltr'><strong>in-</strong></span> 
     </span>
     <span class='ocr_line' id='line_1_5' title="bbox 222 685 1255 798; baseline 0.018 -42"><span class='ocrx_word' id='word_1_27' title='bbox 222 694 361 758; x_wconf 90' lang='lat' dir='ltr'><strong>6vicem</strong></span> <span class='ocrx_word' id='word_1_28' title='bbox 374 709 409 751; x_wconf 87' lang='lat' dir='ltr'><strong>se</strong></span> <span class='ocrx_word' id='word_1_29' title='bbox 421 685 634 751; x_wconf 79' lang='lat' dir='ltr'><strong>trucidarent.</strong></span> <span class='ocrx_word' id='word_1_30' title='bbox 666 687 821 776; x_wconf 82' lang='lat' dir='ltr'><strong>Denique</strong></span> <span class='ocrx_word' id='word_1_31' title='bbox 836 693 917 760; x_wconf 86' lang='lat' dir='ltr'><strong>fessi</strong></span> <span class='ocrx_word' id='word_1_32' title='bbox 932 705 983 764; x_wconf 89' lang='lat' dir='ltr'><strong>tot</strong></span> <span class='ocrx_word' id='word_1_33' title='bbox 997 707 1118 791; x_wconf 84' lang='lat' dir='ltr'><strong>malis,</strong></span> <span class='ocrx_word' id='word_1_34' title='bbox 1134 731 1255 798; x_wconf 81' lang='lat' dir='ltr'><strong>paoem</strong></span> 
     </span>
    </p>
   </div>
   <div class='ocr_carea' id='block_1_3' title="bbox 109 773 1254 959">
    <p class='ocr_par' dir='ltr' id='par_1_3' title="bbox 109 773 1254 959">
     <span class='ocr_line' id='line_1_6' title="bbox 109 773 1254 866; baseline 0.039 -42"><span class='ocrx_word' id='word_1_35' title='bbox 109 779 183 842; x_wconf 67' lang='lat'><strong>421,</strong></span> <span class='ocrx_word' id='word_1_36' title='bbox 251 780 287 843; x_wconf 89' lang='lat' dir='ltr'><strong>in</strong></span> <span class='ocrx_word' id='word_1_37' title='bbox 304 795 410 840; x_wconf 87' lang='lat' dir='ltr'><strong>annos</strong></span> <span class='ocrx_word' id='word_1_38' title='bbox 427 773 669 858; x_wconf 74' lang='lat' dir='ltr'><strong>qninquaginta</strong></span> <span class='ocrx_word' id='word_1_39' title='bbox 682 774 800 856; x_wconf 87' lang='lat' dir='ltr'><strong>fecere,</strong></span> <span class='ocrx_word' id='word_1_40' title='bbox 821 799 922 862; x_wconf 89' lang='lat' dir='ltr'><strong>quam</strong></span> <span class='ocrx_word' id='word_1_41' title='bbox 938 805 1010 851; x_wconf 91' lang='lat' dir='ltr'><strong>non</strong></span> <span class='ocrx_word' id='word_1_42' title='bbox 1025 793 1100 858; x_wconf 89' lang='lat' dir='ltr'><strong>nisi</strong></span> <span class='ocrx_word' id='word_1_43' title='bbox 1118 819 1185 864; x_wconf 86' lang='lat' dir='ltr'><strong>sex</strong></span> <span class='ocrx_word' id='word_1_44' title='bbox 1200 821 1254 866; x_wconf 84' lang='lat' dir='ltr'><strong>an-</strong></span> 
     </span>
     <span class='ocr_line' id='line_1_7' title="bbox 251 857 1254 959; baseline 0.045 -52"><span class='ocrx_word' id='word_1_45' title='bbox 251 863 305 928; x_wconf 66' lang='lat' dir='ltr'><strong>ffis</strong></span> <span class='ocrx_word' id='word_1_46' title='bbox 324 865 551 923; x_wconf 71' lang='lat' dir='ltr'><strong>servaverunt.</strong></span> <span class='ocrx_word' id='word_1_47' title='bbox 581 857 665 921; x_wconf 88' lang='lat' dir='ltr'><strong>Nam</strong></span> <span class='ocrx_word' id='word_1_48' title='bbox 677 858 840 943; x_wconf 83' lang='lat' dir='ltr'><strong>inducias,</strong></span> <span class='ocrx_word' id='word_1_49' title='bbox 857 886 941 949; x_wconf 83' lang='lat' dir='ltr'><strong>quas</strong></span> <span class='ocrx_word' id='word_1_50' title='bbox 954 880 1100 959; x_wconf 90' lang='lat' dir='ltr'><strong>proprio</strong></span> <span class='ocrx_word' id='word_1_51' title='bbox 1114 887 1254 951; x_wconf 89' lang='lat' dir='ltr'><strong>nomine</strong></span> 
     </span>
    </p>
   </div>
   <div class='ocr_carea' id='block_1_4' title="bbox 251 945 1255 1122">
    <p class='ocr_par' dir='ltr' id='par_1_4' title="bbox 251 945 1255 1122">
     <span class='ocr_line' id='line_1_8' title="bbox 252 945 1255 1054; baseline 0.013 -43"><span class='ocrx_word' id='word_1_52' title='bbox 252 945 482 1021; x_wconf 79' lang='lat' dir='ltr'><strong>condixerant,</strong></span> <span class='ocrx_word' id='word_1_53' title='bbox 506 964 548 1006; x_wconf 83' lang='lat' dir='ltr'><strong>ex</strong></span> <span class='ocrx_word' id='word_1_54' title='bbox 571 945 733 1007; x_wconf 90' lang='lat' dir='ltr'><strong>sociorum</strong></span> <span class='ocrx_word' id='word_1_55' title='bbox 749 967 892 1029; x_wconf 87' lang='lat' dir='ltr'><strong>persona</strong></span> <span class='ocrx_word' id='word_1_56' title='bbox 907 959 1130 1048; x_wconf 81' lang='lat' dir='ltr'><strong>rumpebant,</strong></span> <span class='ocrx_word' id='word_1_57' title='bbox 1156 974 1255 1054; x_wconf 65' lang='lat' dir='ltr'><strong>quasi</strong></span> 
     </span>
     <span class='ocr_line' id='line_1_9' title="bbox 251 1027 1255 1122; baseline 0.019 -22"><span class='ocrx_word' id='word_1_58' title='bbox 251 1035 364 1099; x_wconf 90' lang='lat' dir='ltr'><strong>minus</strong></span> <span class='ocrx_word' id='word_1_59' title='bbox 386 1027 526 1113; x_wconf 73' lang='lat' dir='ltr'><strong>perjurii</strong></span> <span class='ocrx_word' id='word_1_60' title='bbox 540 1027 778 1112; x_wconf 80' lang='lat' dir='ltr'><strong>contraherent,</strong></span> <span class='ocrx_word' id='word_1_61' title='bbox 795 1033 824 1096; x_wconf 90' lang='lat' dir='ltr'><strong>si</strong></span> <span class='ocrx_word' id='word_1_62' title='bbox 838 1033 983 1104; x_wconf 85' lang='lat' dir='ltr'><strong>ferentes</strong></span> <span class='ocrx_word' id='word_1_63' title='bbox 1000 1050 1105 1114; x_wconf 88' lang='lat' dir='ltr'><strong>sociis</strong></span> <span class='ocrx_word' id='word_1_64' title='bbox 1123 1057 1255 1122; x_wconf 86' lang='lat' dir='ltr'><strong>auxilia</strong></span> 
     </span>
    </p>
   </div>
   <div class='ocr_carea' id='block_1_5' title="bbox 223 1112 1254 1376">
    <p class='ocr_par' dir='ltr' id='par_1_5' title="bbox 223 1112 1254 1376">
     <span class='ocr_line' id='line_1_10' title="bbox 223 1112 1254 1208; baseline 0.02 -27"><span class='ocrx_word' id='word_1_65' title='bbox 223 1125 241 1181; x_wconf 80' lang='lat'><strong>7</strong></span> <span class='ocrx_word' id='word_1_66' title='bbox 275 1119 375 1197; x_wconf 87' lang='lat' dir='ltr'><strong>otius,</strong></span> <span class='ocrx_word' id='word_1_67' title='bbox 391 1134 491 1199; x_wconf 85' lang='lat' dir='ltr'><strong>quam</strong></span> <span class='ocrx_word' id='word_1_68' title='bbox 507 1113 536 1174; x_wconf 89' lang='lat' dir='ltr'><strong>si</strong></span> <span class='ocrx_word' id='word_1_69' title='bbox 550 1112 614 1197; x_wconf 91' lang='lat' dir='ltr'><strong>ipsi</strong></span> <span class='ocrx_word' id='word_1_70' title='bbox 630 1124 744 1198; x_wconf 88' lang='lat' dir='ltr'><strong>aperto</strong></span> <span class='ocrx_word' id='word_1_71' title='bbox 755 1117 881 1200; x_wconf 89' lang='lat' dir='ltr'><strong>proelio</strong></span> <span class='ocrx_word' id='word_1_72' title='bbox 894 1120 1128 1203; x_wconf 82' lang='lat' dir='ltr'><strong>dimicassent.</strong></span> <span class='ocrx_word' id='word_1_73' title='bbox 1163 1141 1254 1208; x_wconf 87' lang='lat' dir='ltr'><strong>Hinc</strong></span> 
     </span>
     <span class='ocr_line' id='line_1_11' title="bbox 250 1143 1254 1306; baseline 0.024 -36"><span class='ocrx_word' id='word_1_74' title='bbox 250 1143 380 1270; x_wconf 75' lang='lat' dir='ltr'><strong>henum</strong></span> <span class='ocrx_word' id='word_1_75' title='bbox 400 1201 436 1261; x_wconf 91' lang='lat' dir='ltr'><strong>in</strong></span> <span class='ocrx_word' id='word_1_76' title='bbox 451 1197 599 1262; x_wconf 82' lang='lat' dir='ltr'><strong>Siciliam</strong></span> <span class='ocrx_word' id='word_1_77' title='bbox 622 1198 834 1286; x_wconf 67' lang='lat' dir='ltr'><strong>translatum,</strong></span> <span class='ocrx_word' id='word_1_78' title='bbox 858 1209 950 1290; x_wconf 91' lang='lat' dir='ltr'><strong>quod</strong></span> <span class='ocrx_word' id='word_1_79' title='bbox 971 1215 1182 1306; x_wconf 87' lang='lat' dir='ltr'><strong>priusquam</strong></span> <span class='ocrx_word' id='word_1_80' title='bbox 1200 1251 1254 1292; x_wconf 85' lang='lat' dir='ltr'><strong>ex·</strong></span> 
     </span>
     <span class='ocr_line' id='line_1_12' title="bbox 252 1281 1025 1376; baseline 0.014 -26"><span class='ocrx_word' id='word_1_81' title='bbox 252 1308 352 1376; x_wconf 91' lang='lat' dir='ltr'><strong>pono,</strong></span> <span class='ocrx_word' id='word_1_82' title='bbox 369 1284 410 1349; x_wconf 88' lang='lat' dir='ltr'><strong>de</strong></span> <span class='ocrx_word' id='word_1_83' title='bbox 426 1281 560 1347; x_wconf 85' lang='lat' dir='ltr'><strong>Siciliae</strong></span> <span class='ocrx_word' id='word_1_84' title='bbox 576 1285 642 1347; x_wconf 88' lang='lat' dir='ltr'><strong>situ</strong></span> <span class='ocrx_word' id='word_1_85' title='bbox 656 1305 765 1370; x_wconf 80' lang='lat' dir='ltr'><strong>pauca</strong></span> <span class='ocrx_word' id='word_1_86' title='bbox 776 1285 922 1356; x_wconf 90' lang='lat' dir='ltr'><strong>dicenda</strong></span> <span class='ocrx_word' id='word_1_87' title='bbox 936 1307 1025 1366; x_wconf 85' lang='lat' dir='ltr'><strong>sunt.</strong></span> 
     </span>
    </p>
   </div>
   <div class='ocr_carea' id='block_1_6' title="bbox 615 1437 878 1583">
    <p class='ocr_par' dir='ltr' id='par_1_6' title="bbox 615 1437 878 1583">
     <span class='ocr_line' id='line_1_13' title="bbox 678 1437 809 1494; baseline 0.031 -4"><span class='ocrx_word' id='word_1_88' title='bbox 678 1437 754 1492; x_wconf 80' lang='lat' dir='ltr'><strong>cAP.</strong></span> <span class='ocrx_word' id='word_1_89' title='bbox 772 1443 809 1494; x_wconf 94' lang='lat'><strong>11.</strong></span> 
     </span>
     <span class='ocr_line' id='line_1_14' title="bbox 615 1519 878 1583; baseline 0.03 -8"><span class='ocrx_word' id='word_1_90' title='bbox 615 1519 739 1577; x_wconf 80' lang='lat' dir='ltr'><strong>Siclliae</strong></span> <span class='ocrx_word' id='word_1_91' title='bbox 755 1527 878 1583; x_wconf 68' lang='lat' dir='ltr'><strong>rann.</strong></span> 
     </span>
    </p>
   </div>
   <div class='ocr_carea' id='block_1_7' title="bbox 222 1621 1252 2230">
    <p class='ocr_par' dir='ltr' id='par_1_7' title="bbox 222 1621 1252 1890">
     <span class='ocr_line' id='line_1_15' title="bbox 222 1621 1252 1720; baseline 0.029 -30"><span class='ocrx_word' id='word_1_92' title='bbox 222 1637 241 1696; x_wconf 91' lang='lat'>8</span> <span class='ocrx_word' id='word_1_93' title='bbox 317 1624 466 1693; x_wconf 83' lang='lat' dir='ltr'><strong>Siciliam</strong></span> <span class='ocrx_word' id='word_1_94' title='bbox 482 1621 593 1686; x_wconf 85' lang='lat' dir='ltr'><strong>ferunt</strong></span> <span class='ocrx_word' id='word_1_95' title='bbox 606 1626 754 1708; x_wconf 85' lang='lat' dir='ltr'><strong>angustis</strong></span> <span class='ocrx_word' id='word_1_96' title='bbox 770 1630 938 1715; x_wconf 87' lang='lat' dir='ltr'><strong>quondam</strong></span> <span class='ocrx_word' id='word_1_97' title='bbox 953 1635 1112 1710; x_wconf 84' lang='lat' dir='ltr'><strong>faucibus</strong></span> <span class='ocrx_word' id='word_1_98' title='bbox 1127 1647 1252 1720; x_wconf 89' lang='lat' dir='ltr'><strong>Italiae</strong></span> 
     </span>
     <span class='ocr_line' id='line_1_16' title="bbox 252 1709 1251 1859; baseline 0.025 -79"><span class='ocrx_word' id='word_1_99' title='bbox 252 1712 453 1791; x_wconf 79' lang='lat' dir='ltr'><strong>adhaesisse,</strong></span> <span class='ocrx_word' id='word_1_100' title='bbox 469 1709 732 1859; x_wconf 56' lang='lat' dir='ltr'><strong>diremptampue</strong></span> <span class='ocrx_word' id='word_1_101' title='bbox 747 1713 874 1779; x_wconf 81' lang='lat' dir='ltr'><strong>veluto</strong></span> <span class='ocrx_word' id='word_1_102' title='bbox 889 1739 1027 1806; x_wconf 87' lang='lat' dir='ltr'><strong>corpore</strong></span> <span class='ocrx_word' id='word_1_103' title='bbox 1043 1733 1178 1800; x_wconf 85' lang='lat' dir='ltr'><strong>ma&#39;ore</strong></span> <span class='ocrx_word' id='word_1_104' title='bbox 1190 1740 1251 1804; x_wconf 91' lang='lat' dir='ltr'><strong>im·</strong></span> 
     </span>
     <span class='ocr_line' id='line_1_17' title="bbox 251 1756 1251 1890; baseline 0.026 -26"><span class='ocrx_word' id='word_1_105' title='bbox 251 1809 332 1889; x_wconf 89' lang='lat' dir='ltr'><strong>petu</strong></span> <span class='ocrx_word' id='word_1_106' title='bbox 348 1820 387 1862; x_wconf 89' lang='lat' dir='ltr'><strong>su</strong></span> <span class='ocrx_word' id='word_1_107' title='bbox 413 1797 461 1860; x_wconf 88' lang='lat' dir='ltr'><strong>eri</strong></span> <span class='ocrx_word' id='word_1_108' title='bbox 476 1795 586 1877; x_wconf 86' lang='lat' dir='ltr'><strong>maris,</strong></span> <span class='ocrx_word' id='word_1_109' title='bbox 603 1817 667 1881; x_wconf 90' lang='lat' dir='ltr'><strong>quo</strong></span> <span class='ocrx_word' id='word_1_110' title='bbox 705 1805 772 1862; x_wconf 87' lang='lat' dir='ltr'><strong>toto</strong></span> <span class='ocrx_word' id='word_1_111' title='bbox 788 1801 953 1868; x_wconf 88' lang='lat' dir='ltr'><strong>undarum</strong></span> <span class='ocrx_word' id='word_1_112' title='bbox 969 1829 1071 1876; x_wconf 90' lang='lat' dir='ltr'><strong>onere</strong></span> <span class='ocrx_word' id='word_1_113' title='bbox 1087 1756 1176 1885; x_wconf 88' lang='lat' dir='ltr'><strong>illuc</strong></span> <span class='ocrx_word' id='word_1_114' title='bbox 1194 1845 1251 1890; x_wconf 88' lang='lat' dir='ltr'><strong>vs-</strong></span> 
     </span>
    </p>

    <p class='ocr_par' dir='ltr' id='par_1_8' title="bbox 223 1882 1250 2230">
     <span class='ocr_line' id='line_1_18' title="bbox 223 1882 1249 1980; baseline 0.024 -30"><span class='ocrx_word' id='word_1_115' title='bbox 223 1889 352 1951; x_wconf 83' lang='lat' dir='ltr'><strong>9hitur.</strong></span> <span class='ocrx_word' id='word_1_116' title='bbox 404 1883 416 1906; x_wconf 71' lang='lat'>¹</span> <span class='ocrx_word' id='word_1_117' title='bbox 436 1891 450 1946; x_wconf 84' lang='lat' dir='ltr'><strong>t</strong></span> <span class='ocrx_word' id='word_1_118' title='bbox 477 1890 587 1945; x_wconf 87' lang='lat' dir='ltr'><strong>autem</strong></span> <span class='ocrx_word' id='word_1_119' title='bbox 610 1882 684 1966; x_wconf 90' lang='lat' dir='ltr'><strong>ipsa</strong></span> <span class='ocrx_word' id='word_1_120' title='bbox 706 1890 794 1948; x_wconf 84' lang='lat' dir='ltr'><strong>terra</strong></span> <span class='ocrx_word' id='word_1_121' title='bbox 812 1889 922 1954; x_wconf 85' lang='lat' dir='ltr'><strong>tenuis</strong></span> <span class='ocrx_word' id='word_1_122' title='bbox 938 1913 977 1955; x_wconf 86' lang='lat' dir='ltr'><strong>ac</strong></span> <span class='ocrx_word' id='word_1_123' title='bbox 992 1895 1127 1980; x_wconf 72' lang='lat' dir='ltr'><strong>tragilis</strong></span> <span class='ocrx_word' id='word_1_124' title='bbox 1145 1915 1181 1970; x_wconf 87' lang='lat' dir='ltr'><strong>et</strong></span> <span class='ocrx_word' id='word_1_125' title='bbox 1197 1929 1249 1974; x_wconf 90' lang='lat' dir='ltr'><strong>ca-</strong></span> 
     </span>
     <span class='ocr_line' id='line_1_19' title="bbox 252 1966 1250 2068; baseline 0.024 -32"><span class='ocrx_word' id='word_1_126' title='bbox 252 1970 365 2036; x_wconf 88' lang='lat' dir='ltr'><strong>vernis</strong></span> <span class='ocrx_word' id='word_1_127' title='bbox 378 1966 581 2054; x_wconf 38' lang='lat' dir='ltr'><strong>*quibusdam</strong></span> <span class='ocrx_word' id='word_1_128' title='bbox 597 1967 781 2053; x_wconf 78' lang='lat' dir='ltr'><strong>fistulisque</strong></span> <span class='ocrx_word' id='word_1_129' title='bbox 795 1971 842 2036; x_wconf 89' lang='lat' dir='ltr'><strong>ita</strong></span> <span class='ocrx_word' id='word_1_130' title='bbox 857 1979 1094 2068; x_wconf 87' lang='lat' dir='ltr'><strong>penetrabilis,</strong></span> <span class='ocrx_word' id='word_1_131' title='bbox 1111 2001 1153 2054; x_wconf 91' lang='lat' dir='ltr'><strong>ut</strong></span> <span class='ocrx_word' id='word_1_132' title='bbox 1167 2014 1250 2059; x_wconf 86' lang='lat' dir='ltr'><strong>ven·</strong></span> 
     </span>
     <span class='ocr_line' id='line_1_20' title="bbox 252 2051 1249 2164; baseline 0.024 -43"><span class='ocrx_word' id='word_1_133' title='bbox 252 2066 362 2121; x_wconf 86' lang='lat' dir='ltr'><strong>torum</strong></span> <span class='ocrx_word' id='word_1_134' title='bbox 377 2062 446 2116; x_wconf 88' lang='lat' dir='ltr'><strong>tota</strong></span> <span class='ocrx_word' id='word_1_135' title='bbox 459 2053 562 2139; x_wconf 82' lang='lat' dir='ltr'><strong>ferme</strong></span> <span class='ocrx_word' id='word_1_136' title='bbox 577 2051 710 2116; x_wconf 81' lang='lat' dir='ltr'><strong>flatibus</strong></span> <span class='ocrx_word' id='word_1_137' title='bbox 725 2063 850 2142; x_wconf 81' lang='lat' dir='ltr'><strong>pateet3</strong></span> <span class='ocrx_word' id='word_1_138' title='bbox 868 2069 900 2124; x_wconf 89' lang='lat' dir='ltr'><strong>et</strong></span> <span class='ocrx_word' id='word_1_139' title='bbox 911 2062 1019 2129; x_wconf 88' lang='lat' dir='ltr'><strong>solum</strong></span> <span class='ocrx_word' id='word_1_140' title='bbox 1029 2070 1146 2154; x_wconf 91' lang='lat' dir='ltr'><strong>ipsum</strong></span> <span class='ocrx_word' id='word_1_141' title='bbox 1159 2079 1249 2164; x_wconf 89' lang='lat' dir='ltr'><strong>igni-</strong></span> 
     </span>
     <span class='ocr_line' id='line_1_21' title="bbox 253 2135 1249 2230; baseline 0.024 -24"><span class='ocrx_word' id='word_1_142' title='bbox 253 2143 315 2207; x_wconf 89' lang='lat' dir='ltr'><strong>bus</strong></span> <span class='ocrx_word' id='word_1_143' title='bbox 347 2135 545 2224; x_wconf 78' lang='lat' dir='ltr'><strong>generandis</strong></span> <span class='ocrx_word' id='word_1_144' title='bbox 575 2139 827 2226; x_wconf 87' lang='lat' dir='ltr'><strong>nutriendisque</strong></span> <span class='ocrx_word' id='word_1_145' title='bbox 850 2148 1040 2216; x_wconf 86' lang='lat' dir='ltr'><strong>naturalem</strong></span> <span class='ocrx_word' id='word_1_146' title='bbox 1066 2165 1249 2230; x_wconf 86' lang='lat' dir='ltr'><strong>materiam</strong></span> 
     </span>
    </p>
   </div>
   <div class='ocr_carea' id='block_1_8' title="bbox 247 2224 1249 2630">
    <p class='ocr_par' dir='ltr' id='par_1_9' title="bbox 247 2224 1249 2630">
     <span class='ocr_line' id='line_1_22' title="bbox 251 2224 1249 2372; baseline 0.027 -84"><span class='ocrx_word' id='word_1_147' title='bbox 251 2226 398 2315; x_wconf 85' lang='lat' dir='ltr'><strong>praebet,</strong></span> <span class='ocrx_word' id='word_1_148' title='bbox 415 2225 538 2372; x_wconf 51' lang='lat' dir='ltr'><strong>ffirippe</strong></span> <span class='ocrx_word' id='word_1_149' title='bbox 553 2224 749 2289; x_wconf 89' lang='lat' dir='ltr'><strong>intrinsecus</strong></span> <span class='ocrx_word' id='word_1_150' title='bbox 764 2227 919 2294; x_wconf 86' lang='lat' dir='ltr'><strong>refertum</strong></span> <span class='ocrx_word' id='word_1_151' title='bbox 936 2235 1100 2323; x_wconf 86' lang='lat' dir='ltr'><strong>sulphure</strong></span> <span class='ocrx_word' id='word_1_152' title='bbox 1113 2255 1148 2308; x_wconf 86' lang='lat' dir='ltr'><strong>et</strong></span> <span class='ocrx_word' id='word_1_153' title='bbox 1161 2247 1249 2314; x_wconf 87' lang='lat' dir='ltr'><strong>bitu-</strong></span> 
     </span>
     <span class='ocr_line' id='line_1_23' title="bbox 251 2309 1249 2407; baseline 0.028 -35"><span class='ocrx_word' id='word_1_154' title='bbox 251 2313 342 2376; x_wconf 83' lang='lat' dir='ltr'><strong>mine</strong></span> <span class='ocrx_word' id='word_1_155' title='bbox 364 2319 416 2374; x_wconf 87' lang='lat' dir='ltr'><strong>tra</strong></span> <span class='ocrx_word' id='word_1_156' title='bbox 442 2309 520 2394; x_wconf 82' lang='lat' dir='ltr'><strong>&#39;tur3</strong></span> <span class='ocrx_word' id='word_1_157' title='bbox 546 2331 702 2396; x_wconf 84' lang='lat' dir='ltr'><strong>quaeres</strong></span> <span class='ocrx_word' id='word_1_158' title='bbox 724 2310 818 2394; x_wconf 88' lang='lat' dir='ltr'><strong>facit,</strong></span> <span class='ocrx_word' id='word_1_159' title='bbox 841 2325 878 2380; x_wconf 88' lang='lat' dir='ltr'><strong>ut</strong></span> <span class='ocrx_word' id='word_1_160' title='bbox 898 2317 1094 2407; x_wconf 86' lang='lat' dir='ltr'><strong>frequenter.</strong></span> <span class='ocrx_word' id='word_1_161' title='bbox 1107 2339 1142 2393; x_wconf 90' lang='lat' dir='ltr'><strong>et</strong></span> <span class='ocrx_word' id='word_1_162' title='bbox 1158 2353 1249 2398; x_wconf 94' lang='lat' dir='ltr'><strong>com-</strong></span> 
     </span>
     <span class='ocr_line' id='line_1_24' title="bbox 247 2393 1248 2489; baseline 0.026 -30"><span class='ocrx_word' id='word_1_163' title='bbox 247 2397 404 2484; x_wconf 88' lang='lat' dir='ltr'><strong>pluribus</strong></span> <span class='ocrx_word' id='word_1_164' title='bbox 415 2393 497 2460; x_wconf 89' lang='lat' dir='ltr'><strong>locis</strong></span> <span class='ocrx_word' id='word_1_165' title='bbox 513 2417 603 2459; x_wconf 89' lang='lat' dir='ltr'><strong>nunc</strong></span> <span class='ocrx_word' id='word_1_166' title='bbox 618 2396 781 2478; x_wconf 87' lang='lat' dir='ltr'><strong>flammae,</strong></span> <span class='ocrx_word' id='word_1_167' title='bbox 796 2421 887 2466; x_wconf 91' lang='lat' dir='ltr'><strong>nunc</strong></span> <span class='ocrx_word' id='word_1_168' title='bbox 897 2425 1012 2489; x_wconf 87' lang='lat' dir='ltr'><strong>vapor,</strong></span> <span class='ocrx_word' id='word_1_169' title='bbox 1024 2431 1118 2476; x_wconf 89' lang='lat' dir='ltr'><strong>nunc</strong></span> <span class='ocrx_word' id='word_1_170' title='bbox 1129 2415 1248 2485; x_wconf 85' lang='lat' dir='ltr'><strong>fumus</strong></span> 
     </span>
     <span class='ocr_line' id='line_1_25' title="bbox 252 2480 1249 2630; baseline 0.022 -82"><span class='ocrx_word' id='word_1_171' title='bbox 252 2491 452 2549; x_wconf 84' lang='lat' dir='ltr'><strong>eructentur.</strong></span> <span class='ocrx_word' id='word_1_172' title='bbox 477 2480 562 2546; x_wconf 90' lang='lat' dir='ltr'><strong>Inde</strong></span> <span class='ocrx_word' id='word_1_173' title='bbox 574 2480 851 2630; x_wconf 48' lang='lat' dir='ltr'><strong>deripueAetnae</strong></span> <span class='ocrx_word' id='word_1_174' title='bbox 863 2492 982 2554; x_wconf 89' lang='lat' dir='ltr'><strong>montis</strong></span> <span class='ocrx_word' id='word_1_175' title='bbox 995 2514 1056 2577; x_wconf 89' lang='lat' dir='ltr'><strong>per</strong></span> <span class='ocrx_word' id='word_1_176' title='bbox 1064 2505 1115 2561; x_wconf 87' lang='lat' dir='ltr'><strong>tot</strong></span> <span class='ocrx_word' id='word_1_177' title='bbox 1127 2505 1249 2570; x_wconf 87' lang='lat' dir='ltr'><strong>secula</strong></span> 
     </span>
    </p>
   </div>
   <div class='ocr_carea' id='block_1_9' title="bbox 202 2567 1247 3605">
    <p class='ocr_par' dir='ltr' id='par_1_10' title="bbox 202 2567 1247 3605">
     <span class='ocr_line' id='line_1_26' title="bbox 252 2567 1247 2660; baseline 0.019 -25"><span class='ocrx_word' id='word_1_178' title='bbox 252 2571 350 2635; x_wconf 89' lang='lat' dir='ltr'><strong>durat</strong></span> <span class='ocrx_word' id='word_1_179' title='bbox 364 2567 574 2649; x_wconf 90' lang='lat' dir='ltr'><strong>incendium,</strong></span> <span class='ocrx_word' id='word_1_180' title='bbox 591 2575 623 2632; x_wconf 92' lang='lat' dir='ltr'><strong>et</strong></span> <span class='ocrx_word' id='word_1_181' title='bbox 638 2591 660 2630; x_wconf 94' lang='lat' dir='ltr'><strong>u</strong></span> <span class='ocrx_word' id='word_1_182' title='bbox 685 2570 697 2630; x_wconf 91' lang='lat' dir='ltr'><strong>i</strong></span> <span class='ocrx_word' id='word_1_183' title='bbox 712 2570 819 2634; x_wconf 87' lang='lat' dir='ltr'><strong>acrior</strong></span> <span class='ocrx_word' id='word_1_184' title='bbox 832 2594 894 2659; x_wconf 89' lang='lat' dir='ltr'><strong>per</strong></span> <span class='ocrx_word' id='word_1_185' title='bbox 908 2576 1112 2660; x_wconf 87' lang='lat' dir='ltr'><strong>spiramenta</strong></span> <span class='ocrx_word' id='word_1_186' title='bbox 1129 2605 1247 2654; x_wconf 79' lang='lat' dir='ltr'><strong>caver-</strong></span> 
     </span>
     <span class='ocr_line' id='line_1_27' title="bbox 250 2652 1247 2751; baseline 0.021 -32"><span class='ocrx_word' id='word_1_187' title='bbox 250 2677 370 2719; x_wconf 86' lang='lat' dir='ltr'><strong>narum</strong></span> <span class='ocrx_word' id='word_1_188' title='bbox 391 2663 512 2720; x_wconf 85' lang='lat' dir='ltr'><strong>ventus</strong></span> <span class='ocrx_word' id='word_1_189' title='bbox 533 2652 704 2734; x_wconf 91' lang='lat' dir='ltr'><strong>incubuit,</strong></span> <span class='ocrx_word' id='word_1_190' title='bbox 726 2677 900 2722; x_wconf 87' lang='lat' dir='ltr'><strong>arenarum</strong></span> <span class='ocrx_word' id='word_1_191' title='bbox 920 2662 1025 2728; x_wconf 91' lang='lat' dir='ltr'><strong>moles</strong></span> <span class='ocrx_word' id='word_1_192' title='bbox 1047 2683 1247 2751; x_wconf 81' lang='lat' dir='ltr'><strong>egeruntur.</strong></span> 
     </span>
     <span class='ocr_line' id='line_1_28' title="bbox 202 2737 1245 2842; baseline 0.02 -37"><span class='ocrx_word' id='word_1_193' title='bbox 202 2747 242 2805; x_wconf 92' lang='lat'><strong>10</strong></span> <span class='ocrx_word' id='word_1_194' title='bbox 250 2741 447 2805; x_wconf 87' lang='lat' dir='ltr'><strong>Proximum</strong></span> <span class='ocrx_word' id='word_1_195' title='bbox 474 2737 591 2803; x_wconf 86' lang='lat' dir='ltr'><strong>Italiae</strong></span> <span class='ocrx_word' id='word_1_196' title='bbox 643 2743 881 2807; x_wconf 85' lang='lat' dir='ltr'><strong>romontorium</strong></span> <span class='ocrx_word' id='word_1_197' title='bbox 908 2745 1075 2833; x_wconf 86' lang='lat' dir='ltr'><strong>Rhegium</strong></span> <span class='ocrx_word' id='word_1_198' title='bbox 1107 2753 1245 2842; x_wconf 84' lang='lat' dir='ltr'><strong>dieitur,</strong></span> 
     </span>
     <span class='ocr_line' id='line_1_29' title="bbox 250 2758 1245 2920; baseline 0.019 -28"><span class='ocrx_word' id='word_1_199' title='bbox 250 2827 326 2892; x_wconf 88' lang='lat' dir='ltr'><strong>ideo</strong></span> <span class='ocrx_word' id='word_1_200' title='bbox 349 2825 429 2914; x_wconf 89' lang='lat' dir='ltr'><strong>quia</strong></span> <span class='ocrx_word' id='word_1_201' title='bbox 447 2824 568 2890; x_wconf 76' lang='lat' dir='ltr'><strong>Graeci</strong></span> <span class='ocrx_word' id='word_1_202' title='bbox 586 2758 764 2912; x_wconf 65' lang='lat' dir='ltr'><strong>„abrupta‘</strong></span> <span class='ocrx_word' id='word_1_203' title='bbox 782 2825 844 2891; x_wconf 90' lang='lat' dir='ltr'><strong>hoc</strong></span> <span class='ocrx_word' id='word_1_204' title='bbox 855 2833 990 2896; x_wconf 91' lang='lat' dir='ltr'><strong>nomine</strong></span> <span class='ocrx_word' id='word_1_205' title='bbox 1001 2845 1245 2920; x_wconf 87' lang='lat' dir='ltr'><strong>pronunciant.</strong></span> 
     </span>
     <span class='ocr_line' id='line_1_30' title="bbox 249 2909 1245 3010; baseline 0.012 -32"><span class='ocrx_word' id='word_1_206' title='bbox 249 2913 320 2978; x_wconf 85' lang='lat' dir='ltr'><strong>Nec</strong></span> <span class='ocrx_word' id='word_1_207' title='bbox 340 2913 480 2992; x_wconf 83' lang='lat' dir='ltr'><strong>mirum,</strong></span> <span class='ocrx_word' id='word_1_208' title='bbox 503 2911 533 2974; x_wconf 85' lang='lat' dir='ltr'><strong>si</strong></span> <span class='ocrx_word' id='word_1_209' title='bbox 555 2909 708 2976; x_wconf 85' lang='lat' dir='ltr'><strong>fabulosa</strong></span> <span class='ocrx_word' id='word_1_210' title='bbox 723 2921 772 2976; x_wconf 89' lang='lat' dir='ltr'><strong>est</strong></span> <span class='ocrx_word' id='word_1_211' title='bbox 785 2911 850 2977; x_wconf 82' lang='lat' dir='ltr'><strong>loci</strong></span> <span class='ocrx_word' id='word_1_212' title='bbox 865 2914 964 3003; x_wconf 87' lang='lat' dir='ltr'><strong>hujus</strong></span> <span class='ocrx_word' id='word_1_213' title='bbox 980 2922 1164 3006; x_wconf 82' lang='lat' dir='ltr'><strong>antiquitas</strong></span> <span class='ocrx_word' id='word_1_214' title='bbox 1172 2977 1182 3010; x_wconf 97' lang='lat'><strong>,</strong></span> <span class='ocrx_word' id='word_1_215' title='bbox 1206 2933 1245 2996; x_wconf 88' lang='lat' dir='ltr'><strong>in</strong></span> 
     </span>
     <span class='ocr_line' id='line_1_31' title="bbox 273 2997 1245 3098; baseline 0.012 -34"><span class='ocrx_word' id='word_1_216' title='bbox 273 3019 350 3064; x_wconf 91' lang='lat' dir='ltr'><strong>uem</strong></span> <span class='ocrx_word' id='word_1_217' title='bbox 373 3016 427 3063; x_wconf 81' lang='lat' dir='ltr'><strong>res</strong></span> <span class='ocrx_word' id='word_1_218' title='bbox 449 3005 496 3062; x_wconf 92' lang='lat' dir='ltr'><strong>tot</strong></span> <span class='ocrx_word' id='word_1_219' title='bbox 517 2997 620 3061; x_wconf 88' lang='lat' dir='ltr'><strong>mirae</strong></span> <span class='ocrx_word' id='word_1_220' title='bbox 640 2998 757 3061; x_wconf 88' lang='lat' dir='ltr'><strong>coiere.</strong></span> <span class='ocrx_word' id='word_1_221' title='bbox 792 2997 940 3066; x_wconf 92' lang='lat' dir='ltr'><strong>Primum</strong></span> <span class='ocrx_word' id='word_1_222' title='bbox 965 3005 1056 3091; x_wconf 89' lang='lat' dir='ltr'><strong>quod</strong></span> <span class='ocrx_word' id='word_1_223' title='bbox 1068 3027 1245 3098; x_wconf 89' lang='lat' dir='ltr'><strong>nusquam</strong></span> 
     </span>
     <span class='ocr_line' id='line_1_32' title="bbox 250 3022 1244 3232; baseline 0.012 -81"><span class='ocrx_word' id='word_1_224' title='bbox 250 3022 334 3152; x_wconf 54' lang='lat' dir='ltr'><strong>abias</strong></span> <span class='ocrx_word' id='word_1_225' title='bbox 355 3095 424 3150; x_wconf 88' lang='lat' dir='ltr'><strong>tam</strong></span> <span class='ocrx_word' id='word_1_226' title='bbox 443 3093 571 3148; x_wconf 86' lang='lat' dir='ltr'><strong>torrens</strong></span> <span class='ocrx_word' id='word_1_227' title='bbox 593 3084 732 3166; x_wconf 86' lang='lat' dir='ltr'><strong>fretum,</strong></span> <span class='ocrx_word' id='word_1_228' title='bbox 748 3105 857 3232; x_wconf 57' lang='lat' dir='ltr'><strong>respue</strong></span> <span class='ocrx_word' id='word_1_229' title='bbox 868 3090 1122 3172; x_wconf 81' lang='lat' dir='ltr'><strong>experientibus</strong></span> <span class='ocrx_word' id='word_1_230' title='bbox 1137 3101 1244 3170; x_wconf 93' lang='lat' dir='ltr'><strong>modo</strong></span> 
     </span>
     <span class='ocr_line' id='line_1_33' title="bbox 251 3171 1243 3255; baseline 0.008 -18"><span class='ocrx_word' id='word_1_231' title='bbox 251 3173 415 3253; x_wconf 86' lang='lat' dir='ltr'><strong>terribile,</strong></span> <span class='ocrx_word' id='word_1_232' title='bbox 437 3193 553 3236; x_wconf 85' lang='lat' dir='ltr'><strong>verum</strong></span> <span class='ocrx_word' id='word_1_233' title='bbox 577 3172 676 3234; x_wconf 89' lang='lat' dir='ltr'><strong>etiam</strong></span> <span class='ocrx_word' id='word_1_234' title='bbox 696 3190 800 3255; x_wconf 86' lang='lat' dir='ltr'><strong>procu</strong></span> <span class='ocrx_word' id='word_1_235' title='bbox 828 3171 1029 3240; x_wconf 86' lang='lat' dir='ltr'><strong>videntibus.</strong></span> <span class='ocrx_word' id='word_1_236' title='bbox 1060 3178 1243 3251; x_wconf 89' lang='lat' dir='ltr'><strong>Undarum</strong></span> 
     </span>
     <span class='ocr_line' id='line_1_34' title="bbox 251 3256 1243 3346; baseline 0.011 -22"><span class='ocrx_word' id='word_1_237' title='bbox 251 3280 349 3346; x_wconf 90' lang='lat' dir='ltr'><strong>porro</strong></span> <span class='ocrx_word' id='word_1_238' title='bbox 370 3260 405 3323; x_wconf 91' lang='lat' dir='ltr'><strong>in</strong></span> <span class='ocrx_word' id='word_1_239' title='bbox 430 3280 466 3322; x_wconf 89' lang='lat' dir='ltr'><strong>se</strong></span> <span class='ocrx_word' id='word_1_240' title='bbox 487 3256 753 3320; x_wconf 87' lang='lat' dir='ltr'><strong>concurrentium</strong></span> <span class='ocrx_word' id='word_1_241' title='bbox 774 3263 868 3320; x_wconf 86' lang='lat' dir='ltr'><strong>tanta</strong></span> <span class='ocrx_word' id='word_1_242' title='bbox 887 3277 1003 3345; x_wconf 88' lang='lat' dir='ltr'><strong>pugna</strong></span> <span class='ocrx_word' id='word_1_243' title='bbox 1018 3271 1084 3342; x_wconf 87' lang='lat' dir='ltr'><strong>est,</strong></span> <span class='ocrx_word' id='word_1_244' title='bbox 1098 3276 1139 3329; x_wconf 89' lang='lat' dir='ltr'><strong>ut</strong></span> <span class='ocrx_word' id='word_1_245' title='bbox 1154 3267 1243 3336; x_wconf 89' lang='lat' dir='ltr'><strong>alias</strong></span> 
     </span>
     <span class='ocr_line' id='line_1_35' title="bbox 250 3341 1243 3428; baseline 0.004 -19"><span class='ocrx_word' id='word_1_246' title='bbox 250 3345 356 3410; x_wconf 80' lang='lat' dir='ltr'><strong>veluti</strong></span> <span class='ocrx_word' id='word_1_247' title='bbox 382 3354 477 3428; x_wconf 85' lang='lat' dir='ltr'><strong>terga</strong></span> <span class='ocrx_word' id='word_1_248' title='bbox 505 3341 620 3406; x_wconf 87' lang='lat' dir='ltr'><strong>dantes</strong></span> <span class='ocrx_word' id='word_1_249' title='bbox 649 3342 686 3404; x_wconf 89' lang='lat' dir='ltr'><strong>in</strong></span> <span class='ocrx_word' id='word_1_250' title='bbox 715 3342 819 3403; x_wconf 88' lang='lat' dir='ltr'><strong>imum</strong></span> <span class='ocrx_word' id='word_1_251' title='bbox 842 3341 1009 3427; x_wconf 82' lang='lat' dir='ltr'><strong>desidere,</strong></span> <span class='ocrx_word' id='word_1_252' title='bbox 1033 3348 1116 3412; x_wconf 88' lang='lat' dir='ltr'><strong>alias</strong></span> <span class='ocrx_word' id='word_1_253' title='bbox 1163 3360 1243 3420; x_wconf 79' lang='lat' dir='ltr'><strong>nasi</strong></span> 
     </span>
     <span class='ocr_line' id='line_1_36' title="bbox 250 3425 1242 3511; baseline 0.008 -16"><span class='ocrx_word' id='word_1_254' title='bbox 250 3431 404 3496; x_wconf 84' lang='lat' dir='ltr'><strong>victrices</strong></span> <span class='ocrx_word' id='word_1_255' title='bbox 424 3433 460 3494; x_wconf 92' lang='lat' dir='ltr'><strong>in</strong></span> <span class='ocrx_word' id='word_1_256' title='bbox 481 3428 622 3493; x_wconf 86' lang='lat' dir='ltr'><strong>sublime</strong></span> <span class='ocrx_word' id='word_1_257' title='bbox 645 3428 723 3491; x_wconf 86' lang='lat' dir='ltr'><strong>ferri</strong></span> <span class='ocrx_word' id='word_1_258' title='bbox 737 3425 871 3511; x_wconf 89' lang='lat' dir='ltr'><strong>videas,</strong></span> <span class='ocrx_word' id='word_1_259' title='bbox 889 3447 983 3494; x_wconf 88' lang='lat' dir='ltr'><strong>nunc</strong></span> <span class='ocrx_word' id='word_1_260' title='bbox 998 3431 1053 3496; x_wconf 92' lang='lat' dir='ltr'><strong>hic</strong></span> <span class='ocrx_word' id='word_1_261' title='bbox 1067 3433 1242 3506; x_wconf 76' lang='lat' dir='ltr'><strong>frem1tum</strong></span> 
     </span>
     <span class='ocr_line' id='line_1_37' title="bbox 251 3511 1243 3605; baseline 0.009 -24"><span class='ocrx_word' id='word_1_262' title='bbox 251 3517 409 3582; x_wconf 85' lang='lat' dir='ltr'><strong>ferventis</strong></span> <span class='ocrx_word' id='word_1_263' title='bbox 425 3525 546 3598; x_wconf 89' lang='lat' dir='ltr'><strong>aestus,</strong></span> <span class='ocrx_word' id='word_1_264' title='bbox 562 3535 652 3578; x_wconf 87' lang='lat' dir='ltr'><strong>nunc</strong></span> <span class='ocrx_word' id='word_1_265' title='bbox 666 3511 737 3576; x_wconf 85' lang='lat' dir='ltr'><strong>illic</strong></span> <span class='ocrx_word' id='word_1_266' title='bbox 752 3514 911 3598; x_wconf 85' lang='lat' dir='ltr'><strong>gemitum</strong></span> <span class='ocrx_word' id='word_1_267' title='bbox 926 3517 961 3580; x_wconf 86' lang='lat' dir='ltr'><strong>in</strong></span> <span class='ocrx_word' id='word_1_268' title='bbox 976 3521 1171 3605; x_wconf 87' lang='lat' dir='ltr'><strong>voraginem</strong></span> <span class='ocrx_word' id='word_1_269' title='bbox 1184 3525 1243 3590; x_wconf 90' lang='lat' dir='ltr'><strong>de-</strong></span> 
     </span>
    </p>
   </div>
   <div class='ocr_carea' id='block_1_10' title="bbox 0 0 1334 4244">
    <p class='ocr_par' dir='ltr' id='par_1_11' title="bbox 0 0 1334 4244">
     <span class='ocr_line' id='line_1_38' title="bbox 0 0 1334 4244; baseline 0 0"><span class='ocrx_word' id='word_1_270' title='bbox 0 0 1334 4244; x_wconf 95' lang='lat' dir='ltr'><strong> </strong></span> 
     </span>
    </p>
   </div>
  </div>
 </body>
</html>
