2658 4244
515 347 624 398 LIBER
640 347 702 399 XII.
1061 347 1099 407 69

118 496 263 576 Deinde,
279 519 322 560 ne
334 498 434 561 unius
446 497 538 561 urbis
553 499 800 583 oppugnatione
812 506 922 564 tantus
933 502 1128 568 exercitns4

117 589 297 662 teneretur,
310 582 475 666 profectus
487 605 563 648 cum
575 585 761 648 fortissimis
772 585 895 648 multas
903 585 1100 652 Chersonesi

118 665 220 730 urbes
251 677 437 752 expugnat3
463 667 635 754 filiumque
657 667 897 752 Alexandrum,
926 669 1040 734 decem
1068 681 1101 736 et

120 761 194 814 octo
210 773 316 815 annos
330 761 456 834 natum,
473 764 510 816 ut
524 752 586 816 sub
601 755 721 818 militia
735 755 837 841 patris
852 755 996 819 tirocinii
1010 755 1100 820 rudi·

117 845 233 900 menta
252 846 399 920 poneret,
421 837 466 901 ad
486 860 522 902 se
544 840 688 903 arcessit
726 841 766 905 ln
782 839 951 926 Scythiam
968 863 1100 927 quoque

119 921 305 1006 praedandi
321 943 422 986 causa
435 923 600 1074 prplfecrtpfs
613 935 671 1006 cst,
685 947 778 989 more
788 925 1029 1010 negotiantium
1041 927 1099 990 im·

459 1029 476 1072 e
505 1031 523 1072 o
590 1020 733 1076 acturus.

546 1161 621 1216 CAP.
639 1165 676 1216 ΙΙ,

393 1245 512 1308 Bellum
530 1245 675 1301 advorsus
693 1245 830 1315 sardas.

185 1347 268 1410 Erat
279 1369 317 1410 eo
329 1355 475 1433 tempore
486 1369 546 1412 rex
557 1347 756 1433 Scytharum
766 1349 902 1429 dibeas,
915 1349 983 1434 qui,
1019 1371 1097 1412 uum
1110 1359 1129 1418 5

118 1429 209 1496 bello
233 1432 450 1496 Istrianorum
471 1443 691 1520 premeretur,
718 1433 881 1498 auxilium
903 1456 924 1496 a
942 1369 1099 1520 Philippo

117 1537 182 1602 per
195 1515 450 1600 Apollonienses
473 1519 565 1604 petit,
587 1519 621 1581 in
644 1520 885 1584 successionem
906 1539 981 1582 eum
1004 1520 1101 1602 regni

118 1601 278 1688 Scythiae
301 1602 525 1696 adoptaturus.
566 1603 710 1666 Interim'
725 1603 942 1668 Istrianorum
964 1625 1025 1667 rex
1047 1604 1100 1668 de

119 1687 243 1750 cedens
259 1694 292 1750 et
305 1696 396 1751 metu
406 1687 487 1751 belli
499 1698 531 1751 et
541 1688 742 1752 auxiliorum
753 1690 947 1754 necessitate
959 1687 1099 1772 Scythas

120 1771 233 1836 solvit.
258 1771 375 1858 Itaque
389 1772 526 1853 Atheus,
541 1774 688 1837 remissis
702 1773 957 1854 Macedonibus,
979 1795 1100 1836 rennn-

120 1857 204 1920 ciari
219 1856 377 1944 Philippo
394 1857 508 1943 jubet,
537 1881 638 1938 neque
667 1867 819 1924 auxilium
841 1867 909 1938 ejice
929 1881 965 1922 se
983 1867 1101 1937 petisse

120 1965 225 2023 neque
254 1949 454 2022 adoptionem
475 1951 665 2020 mendasse;
694 1965 767 2006 nam
788 1966 888 2024 neque
910 1965 970 2022 ope
992 1947 1099 2008 Muce-

121 2035 238 2092 donum
259 2050 355 2107 eyere
376 2034 527 2108 Scythes,
557 2051 658 2108 nesae
678 2035 823 2093 heredem
845 2035 923 2106 sibi,
954 2036 1102 2094 incolumi

117 2120 199 2190 filio,
216 2120 334 2178 deesse.
364 2111 426 2177 His
439 2113 559 2178 auditis
567 2112 744 2198 Philippus
760 2114 886 2198 legatos
901 2113 944 2177 ad
957 2113 1129 2181 Atheam6
1189 2117 1193 2124 “

119 2195 236 2277 mittit,
259 2199 441 2284 impensae.
459 2198 640 2263 obsidionis
660 2201 846 2285 portionem
867 2209 1033 2285 petentes,
1061 2222 1101 2264 ne

120 2291 232 2361 inopia
262 2290 408 2347 deserere
430 2288 539 2348 bellum
564 2297 706 2364 cupatur.
756 2291 847 2360 Quod
868 2307 906 2348 eo
922 2293 1101 2363 promptius

120 2389 189 2430 eum
209 2375 324 2447 facere
345 2375 469 2448 debere,
493 2378 578 2448 qaod
599 2375 703 2434 missis
726 2391 746 2432 a
765 2393 801 2434 se
816 2379 848 2435 in
864 2377 1016 2434 auxilium
1033 2376 1100 2448 ejus

120 2460 271 2518 militibus
299 2475 340 2518 ne
359 2468 512 2534 sumptum
534 2461 657 2534 quidem
680 2463 766 2533 viae,
797 2477 859 2519 non
882 2461 976 2519 modo
999 2461 1101 2533 offleii

115 2547 225 2616 pretia
249 2546 380 2603 dederit.
423 2539 549 2604 Atheos
570 2539 817 2604 inclementiam
841 2539 926 2602 coeli
944 2543 979 2601 'st
993 2545 1130 2604 terrae?

120 2623 329 2687 sterilitatem
341 2634 504 2706 causatus,
522 2645 607 2710 quae
618 2645 686 2688 non
701 2623 909 2710 patrimoniis
925 2622 1007 2688 ditet
1021 2623 1100 2708 Scy·

119 2707 212 2790 thas,
242 2709 301 2772 sed
328 2709 388 2772 vix
410 2709 568 2774 alimenta
588 2709 758 2791 exhibeat,
780 2708 967 2796 respondit:
997 2717 1100 2774 nullas

118 2800 184 2858 sibi
207 2815 283 2872 opes
306 2817 388 2875 esse,
416 2802 527 2874 quibas
550 2809 666 2858 tantum
688 2818 793 2874 repam
817 2803 953 2873 expleat,
982 2809 1012 2858 et
1033 2807 1100 2858 iur-

112 2887 193 2958 pius
214 2893 397 2959 sepulcre,
417 2902 517 2959 paruo
542 2887 687 2959 desunoi,
712 2903 804 2960 quam
827 2894 920 2945 totum
944 2885 1100 2954 ainana·

120 2969 259 3044 Scythas
282 2977 383 3052 uatem
405 2974 516 3029 uirtute
539 2974 637 3029 animi
659 2978 689 3028 et
710 2973 826 3030 duritia
850 2973 1007 3043 corporis,
1037 2986 1099 3028 non

120 3051 396 3128 omissionem.
448 3049 578 3130 Quibus
614 3049 741 3114 derisus
770 3050 962 3136 Philippus,
994 3045 1129 3114 solutass

120 3132 295 3198 obsidione
308 3133 473 3220 Byzantii,
495 3134 652 3221 Scythica
673 3135 762 3199 bella
784 3133 1099 3219 aggredimr,'prae·

117 3220 229 3283 missis
253 3219 388 3304 legatis,
420 3242 484 3306 quo
501 3221 682 3284 securiores
701 3219 840 3300 faceret,
862 3221 920 3304 qui
938 3219 1101 3280 nuncient

118 3305 266 3386 Atheae,
297 3305 578 3386 dum'Byzaaiium
601 3312 738 3378 obsidet,
768 3313 888 3370 vovisse
908 3326 944 3367 se
965 3309 1099 3367 statuam

119 1029 242 1090 pensas
257 1005 339 1071 belli
354 1007 419 1072 alio

118 3397 257 3468 Herculi,
281 3398 325 3454 ad
347 3413 439 3471 quum
462 3399 494 3456 ia
517 3400 597 3456 ostiu
619 3397 697 3454 istri
716 3394 899 3468 paneadam
919 3411 955 3452 se
976 3397 1099 3464 venire;

118 3485 274 3560 pacatum
297 3497 467 3558 accessum
488 3475 533 3540 ad
546 3476 741 3561 religionem
758 3473 812 3538 dei
826 3477 951 3559 petens,
974 3475 1099 3538 amicus

117 3561 190 3646 ipse
205 3560 340 3648 Scythis
361 3570 532 3626 venturus.
561 3559 633 3643 Ille,
656 3569 687 3626 si
708 3574 777 3626 voto
797 3565 893 3640 sanai
914 3567 1010 3637 vellet,
1031 3566 1128 3653 sia-9
