2658 4244
231 319 269 380 74
515 321 657 373 JUSTINI
673 323 923 376 HISTORIARUM

228 474 350 554 fuerat,
374 473 410 535 in
425 473 551 556 gremio
567 474 637 560 ejus
652 475 744 559 prius
759 473 829 538 filia
842 474 1027 556 interfecta,
1049 475 1147 539 finire
1162 477 1210 539 vi-

227 569 293 622 tam
309 557 488 650 suspendio
511 559 627 643 coegit.
664 559 850 623 Novissime
871 558 1036 644 gladium,
1059 582 1125 647 quo
1147 583 1211 625 rex

201 666 401 730 percussus
422 649 485 723 est,
509 643 659 729 Apollini
682 643 745 708 snb
764 645 897 708 nomine
912 645 1070 730 Myrtales
1095 667 1209 710 conse·

228 730 348 812 oravit3
378 728 442 794 hoc
464 729 552 792 enim
574 751 695 793 nomen
718 738 794 794 ante
814 729 1024 817 Olympiadis
1046 731 1209 817 parvulae

227 815 297 879 fuit
335 814 429 894 Quae
451 815 563 878 omnia
584 816 631 878 ita
652 815 764 901 palam
783 815 981 894 factasunt,
1005 825 1043 879 ut
1056 815 1209 881 timuisse

226 900 410 980 videretur,
437 921 480 962 ne
508 899 637 963 facinus
665 894 707 964 ab
734 922 773 963 ea
799 901 1009 966 commissum
1035 923 1103 965 non
1133 923 1209 987 pro-

226 985 371 1049 baretur.

424 1075 427 1084 '
489 1071 499 1082 ''
632 1070 708 1122 cnP.
725 1071 800 1124 VIII.

362 1152 498 1222 Philippi
516 1167 581 1208 cum
598 1153 771 1210 Menandro
788 1155 853 1210 tilio
871 1156 1067 1223 comparatio.

176 1247 214 1306 29
289 1237 439 1302 Decessit
462 1238 642 1324 Philippus
683 1240 902 1325 quadraginta
938 1251 1063 1325 septem
1098 1263 1208 1307 ,annos

225 1331 337 1402 nutus,
360 1345 462 1408 quum
484 1325 605 1407 viginti
627 1325 775 1410 quinque
797 1335 976 1410 regnasset.
1015 1326 1141 1390 Genuit
1163 1349 1208 1390 ex

225 1407 398 1474 Larissaea
410 1408 573 1472 saltatrice
584 1409 692 1472 ‘filium
700 1409 892 1492 Aridaeum,
909 1411 966 1497 qui
980 1411 1208 1495 postAlexun-

226 1493 321 1554 drum
336 1495 496 1576 regnavit.
526 1493 655 1558 Habuit
673 1505 706 1558 et
719 1495 804 1560 filios
816 1495 899 1560 alios
908 1496 1029 1561 multos
1046 1519 1088 1560 ex
1101 1497 1206 1561 variis

226 1578 441 1641 matrimoniis
462 1579 553 1662 regio
580 1600 672 1643 more
695 1591 878 1665 susceptos,
906 1583 963 1667 qui
985 1583 1105 1666 partim
1125 1581 1205 1664 fato,

174 1673 216 1731 30
226 1664 343 1747 partim
359 1663 444 1727 ferro
459 1665 596 1812 periere.
640 1665 719 1728 Fuit
733 1688 793 1729 rex
808 1688 983 1748 armorum,
1007 1689 1108 1754 quam
1128 1688 1205 1730 con-

224 1749 390 1812 viviorum
405 1757 458 1813 stu
483 1750 592 1828 iosior,
617 1751 672 1814 oui
689 1752 854 1815 maximae
874 1773 951 1838 opes
971 1761 1065 1816 erant
1083 1753 1205 1817 instru-

224 1843 336 1897 menta
353 1831 525 1899 bellorum.
570 1834 610 1898 In
634 1835 822 1900 divitiarum
843 1846 997 1923 quaestu,
1027 1859 1204 1923 quamcu-

224 1919 331 1983 stodia
354 1919 533 2003 sollertiorg
565 1920 678 2005 itaque
712 1922 798 1984 inter
832 1922 1039 2008 quotidianas
1067 1921 1203 2008 rapinas

173 2014 210 2070 31
224 2027 353 2090 semper
382 2007 477 2152 inops
503 2014 582 2069 erat.
626 2005 853 2070 Misericordia
880 2009 915 2070 in
942 2029 980 2070 eo
1009 2017 1042 2070 et
1062 2006 1204 2094 perfidia

223 2091 296 2174 puri
305 2091 383 2174 jure
398 2089 432 2152 di
448 2099 546 2152 ectee.
591 2089 693 2154 Nulla
707 2091 797 2175 apud
813 2114 887 2155 eum
907 2092 1011 2178 turpis
1032 2095 1114 2156 ratio
1130 2094 1204 2156 viu·

223 2173 330 2239 condi.
374 2173 522 2237 Blandus
548 2176 673 2260 pariter
697 2185 729 2239 et
753 2176 930 2242 insidiosus
957 2176 1116 2263 alloquio,
1143 2177 1204 2263 qui

223 2260 320 2344 plura
338 2259 551 2345 promitteret,
574 2283 673 2345 quam
693 2270 886 2345 praestaret3
909 2263 944 2324 in
960 2263 1045 2326 seria
1060 2271 1092 2326 et
1106 2263 1203 2348 jocos

223 2344 350 2408 artifex.
379 2345 552 2408 Amicitias
565 2346 715 2426 utilitate,
730 2367 797 2410 non
807 2345 875 2410 fide
885 2346 1022 2411 colebat.
1050 2347 1202 2412 Gratiam

199 2432 347 2514 -fingere
362 2430 397 2493 in
414 2429 501 2508 odiu,
517 2432 553 2494 in
569 2433 675 2514 gratia
687 2431 844 2495 offensem
857 2431 1022 2513 simulare,
1037 2434 1203 2497 instruere

221 2518 309 2580 inter
337 2515 574 2580 concordantes
605 2516 695 2598 odia,
732 2516 822 2604 apud
855 2525 1031 2603 utrumque
1060 2519 1201 2601 gratiam

171 2610 389 2687 32quaerere,
414 2601 573 2666 sollennia
593 2599 644 2665 illi
664 2601 877 2666 consuetudo.
919 2602 1012 2666 Inter
1031 2601 1114 2666 haec
1135 2603 1201 2668 elu-

222 2688 359 2772 quentia
376 2687 529 2770 insignis,
552 2688 655 2752 oratio
676 2688 837 2750 acuminis
858 2695 890 2750 et
911 2687 1076 2752 sollertiae
1089 2687 1201 2772 plena,

221 2781 258 2834 ut
283 2792 345 2834 nec
370 2773 503 2834 ornatui
528 2772 683 2854 facilitas,
714 2793 778 2836 nec
799 2771 948 2836 facilitati
969 2773 1200 2837 inventionum

170 2866 210 2924 33
222 2857 351 2920 deesset
371 2865 514 2922 ornatus.
559 2857 649 2922 Huic
663 2857 855 2923 Alexander
876 2857 964 2922 filius
978 2858 1145 2940 successit,
1168 2867 1202 2924 et

219 2943 340 3006 virtute
361 2952 394 3005 ct
413 2941 502 3005 vitiis
522 2951 616 3025 patre
631 2945 745 3030 major.
791 2941 955 3008 Vincendi
970 2944 1052 3007 ratio
1067 2944 1201 3032 utrique

220 3027 365 3092 diversa:
393 3026 448 3090 hic
474 3036 588 3113 aperta
608 3029 657 3110 vi,
687 3027 744 3092 ille
767 3026 892 3092 artibus
913 3025 1002 3092 bella
1022 3029 1200 3114 tractabat3

219 3113 365 3200 deceptis
379 3113 437 3178 ille
452 3112 598 3198 gaudere
613 3113 773 3195 hostibus,
789 3113 844 3177 hic
858 3113 968 3198 palam
984 3114 1075 3180 fusis.
1117 3115 1200 3180 Pru·

219 3198 349 3263 dentior
362 3199 420 3263 ille
435 3199 582 3280 consilio,
599 3199 653 3265 hio
667 3201 778 3262 animo
793 3199 1064 3284 magnificentior.
1109 3199 1199 3265 Iram

218 3293 312 3368 peter
327 3284 544 3365 dissimulare,
567 3284 763 3370 plerumque
784 3285 883 3348 etiam
902 3285 1045 3367 vincere,
1069 3284 1124 3348 hic
1139 3285 1199 3350 ubi

168 3377 208 3435 34
219 3371 405 3451 exarsisset,
420 3391 483 3434 neo
499 3368 613 3434 dilatio
628 3370 772 3448 ultionis,
792 3391 854 3434 nec
869 3369 986 3434 modus
1002 3380 1079 3435 erat.
1116 3370 1199 3436 Vini

218 3455 317 3519 nimis
329 3463 467 3542 uterque
480 3455 1088 3537 avidus,sedebrietatisrliversuvitia:
1103 3465 1199 3540 pater

219 3539 259 3603 de
275 3539 427 3605 convivio
442 3541 478 3604 in
493 3540 620 3605 hostem
636 3562 843 3627 procurrere,
863 3563 998 3605 manum
1014 3563 1199 3625 conserere,
