2658 4244
465 337 573 388 LfflER
591 335 637 389 VI.
657 335 717 388 vn.
1040 333 1081 394 35

95 488 203 572 igitur
224 486 385 552 adversus
400 495 525 568 tantam
541 495 768 573 tempestatem
784 485 864 553 belli
881 487 963 552 duos
979 485 1081 551 duces

94 573 254 658 deligunt
267 572 439 652 Periclem,
456 582 622 660 spectatae
634 574 766 638 virtutis
777 573 897 652 virum,
911 580 944 636 et
956 571 1081 656 Sopho·

94 657 194 739 clem,
211 659 404 742 scriptorem
417 658 673 742 tragoediarum,
690 659 748 744 qui
760 658 868 722 diviso
885 658 1034 721 exercitu
1049 667 1081 722 et

91 743 338 828 Spartanorum
361 766 457 828 agros
481 753 712 824 vastaverunt,
736 753 768 806 et
789 743 911 806 multas
933 741 1080 828 Achajae

92 830 248 896 civitates
264 829 518 893 Atheniensium
533 829 672 915 imperio
689 828 890 916 adjecerunt.

460 1119 607 1193 LIBER
633 1117 716 1192 VII.

89 1243 201 1314 Belli
228 1241 681 1418 Peloponnesiqciupars
715 1242 824 1335 prior
857 1246 900 1313 et
933 1239 1081 1315 bellum

520 1366 558 1416 1c
602 1367 678 1416 um.

334 1575 415 1631 Belli
432 1494 685 1645 eolopddrhshor
702 1577 834 1633 Initium.

157 1679 224 1743 His
248 1677 345 1742 malis
367 1679 463 1742 fracti
485 1679 741 1744 Lacedaemonii
760 1681 795 1743 in
818 1699 923 1743 annos
944 1678 1108 1763 trigintal

93 1766 301 1850 pepigerunt
315 1786 442 1850 pacem,
459 1765 516 1830 sed
531 1769 598 1828 tam
614 1764 752 1849 longum
769 1766 873 1828 otium
888 1763 1081 1827 inimicitiae

93 1872 163 1914 non
188 1849 348 1912 tulerunt.
393 1849 510 1934 Itaque
534 1850 724 1936 quindecim
747 1851 844 1912 annis
866 1858 957 1932 post,
983 1856 1080 1932 rupto

93 1934 240 2014 foedere,
263 1955 338 1997 cum
362 1943 552 2020 contemptu
566 1935 716 2000 Deorum
736 1934 976 2019 hominumque
997 1931 1080 1996 fines
1147 1938 1222 2000 431.

92 2020 225 2084 Atticos
241 2019 462 2103 populantur;
478 2029 511 2084 et
524 2041 567 2084 ne
582 2019 740 2105 praedam
753 2019 880 2168 tpotius,
904 2039 1004 2104 qnam
1021 2039 1081 2103 pu·

95 2128 198 2190 gnam
211 2105 380 2191 expetisse
390 2105 592 2186 viderentur,
607 2105 718 2171 hostes
730 2127 751 2168 a

95 2200 180 2255 cant
220 2189 288 2254 Sed
301 2189 524 2254 Athenienses
548 2191 688 2255 oonsilio
702 2189 840 2255 Periclis
863 2189 957 2254 dume
977 2199 1109 2274 popu-2

94 2275 231 2340 lationis
246 2275 403 2361 injuriam
419 2275 576 2340 differunt
589 2278 625 2342 in
646 2285 777 2361 tempus
800 2274 946 2355 ultionis,
968 2295 1080 2358 super-

94 2383 240 2424 vacuam
260 2383 409 2445 pugnam
428 2363 664 2442 existimantes,
688 2383 791 2447 quum
812 2360 929 2425 ulcisci
951 2359 1080 2424 hostem

94 2447 168 2510 sine
180 2445 334 2530 periculo
345 2455 490 2532 possent.
510 2447 643 2513 Deinde
654 2447 834 2532 interjectis
848 2444 965 2509 diebus
977 2465 1079 2508 naves
1091 2453 1109 2511 3

94 2530 329 2597 conscendunt
358 2539 405 2614 et,
435 2531 520 2596 nihil
550 2530 769 2596 sentientibus
798 2529 1080 2609 Lacedaemoniis,
1158 2525 1160 2538 ’

94 2625 199 2681 totam
222 2616 378 2702 Spartam
401 2617 645 2700 depraedantur
669 2617 842 2701 multoque
869 2614 966 2698 plura
993 2614 1080 2677 eufe-

94 2712 185 2782 runt,
203 2722 306 2786 quam
320 2702 508 2781 amiserant,
524 2704 610 2767 utin
626 2701 871 2786 comparatione
883 2699 1080 2763 damnorum

95 2785 198 2871 longe
210 2785 318 2870 pluris
330 2786 430 2850 fuerit
441 2787 533 2867 ultio,
551 2809 651 2873 quam
666 2787 798 2873 injuria.
829 2785 930 2850 Clara
945 2784 1110 2871 quideme

95 2871 182 2935 haec
196 2871 336 2934 Periclis
353 2871 519 2958 expeditio
536 2871 659 2952 habita,
682 2869 741 2936 sed
760 2871 864 2936 multo
881 2870 1001 2934 clarior
1016 2870 1080 2954 pri-

95 2957 167 3030 vati
186 2956 379 3041 patrimonii
402 2965 607 3040 contemptus
628 2957 699 3020 fuit.
734 2957 844 3042 Hujus
861 2977 958 3040 agros
974 2955 1009 3018 in
1025 2976 1082 3039 po·

96 3041 271 3126 pulsatione
295 3051 477 3116 ceterorum
499 3043 639 3107 intactos
662 3043 771 3106 hostes
792 3040 996 3126 reliquerant
1011 3061 1081 3123 spe-

96 3137 221 3204 rantes,
242 3129 415 3213 acquirere
436 3149 471 3191 se
492 3127 542 3191 illi
564 3148 662 3212 posse
684 3135 743 3190 eut
765 3124 952 3212 periculum
976 3145 1019 3186 ex
1033 3123 1081 3187 in-

94 3213 199 3294 vidia,
220 3222 278 3276 aut
294 3235 336 3276 ex
351 3213 538 3296 suspicione
554 3212 750 3298 proditionis
767 3211 947 3276 infamiam.
983 3207 1082 3288 Quod

97 3307 177 3361 ante
197 3299 404 3384 prospiciens
428 3297 572 3363 Pericles
599 3307 632 3361 et
658 3299 806 3362 futurum
836 3294 959 3381 populo
989 3315 1081 3378 prae-

97 3382 245 3464 dixerat,
277 3393 311 3446 et
332 3383 373 3446 ad
393 3383 540 3447 invidiae
554 3384 716 3468 impetum
732 3379 966 3446 declinandum
983 3401 1079 3466 agros

97 3468 190 3554 ipsos
207 3468 294 3534 dono
311 3468 514 3553 reipublicae
530 3467 682 3552 dederat3
706 3477 805 3552 atque
820 3467 876 3546 ita,
893 3464 982 3529 unde
997 3466 1080 3553 peri-

98 3554 213 3616 cnlum
237 3554 426 3642 quaesitum
448 3554 571 3634 fuerat,
598 3553 646 3618 ibi
666 3555 846 3616 maximam
870 3550 1010 3636 gloriam
1032 3551 1082 3613 in-

894 3652 927 3706 3*

786 2104 948 2190 proelium
963 2124 1080 2189 provo-
