2678 4246
416 403 417 410 ,
467 365 577 417 LIBER
593 363 744 419 XXXVIII.
791 383 793 390 ·
1038 360 1097 422 111

1 524 2 528 ’
118 517 265 588 exsecuti
285 523 371 584 sunt.
405 516 460 582 ·In,
478 516 577 604 hujus
599 512 936 597 locumArtabanns,
960 519 1149 600 patronatd
1230 535 1234 546 ·

118 604 216 691 ejus,
248 625 310 668 rex
345 601 562 670 substituitur.
588 601 590 608 '
624 599 768 688 Scythae
803 610 913 666 autem
951 601 1099 666 contenti

116 687 273 772 victoria,
300 686 501 772 depopulata
524 685 675 768 Parthia,
702 687 737 751 in
763 687 903 771 patriam
923 696 1098 754 revertun-

116 783 180 842 tur.
234 773 301 840 Sed
333 772 546 854 Artabanus,
583 771 672 837 bello
705 769 779 836 Tho
842 773 881 838 ‘is
913 771 1027 853 illato,
1060 771 1098 837 in

117 858 254 940 brachio
268 858 463 944 vulneratus
481 858 588 922 atatim
610 855 749 923 decedit.
818 858 871 922 uie
886 857 1097 938 Mithridates
1108 865 1149 926 39

117 943 206 1012 filius
242 943 409 1026 succedit,
447 943 502 1010 cui
530 965 583 1007 res
617 952 729 1029 gestae
763 943 877 1030 Magni
912 963 1097 1029 cognomen
1163 945 1237 1011 123.

119 1029 260 1113 dedere3
290 1031 415 1116 quippe
441 1028 629 1096 claritatem
652 1038 862 1114 parantum,
877 1028 1098 1116 aemulatione
1160 1025 1162 1032 ’

16 1155 20 1162 ·
117 1116 249 1181 uirtutis
271 1136 443 1196 accensus,
466 1114 569 1179 animi
591 1113 822 1200 magnitudine
836 1113 1097 1214 supergreditur.
1121 1128 1154 1166 ’ἵ

117 1200 225 1266 ldulta
238 1201 342 1286 igitur
355 1198 445 1266 bella
464 1221 539 1264 cum
554 1198 702 1265 finitimis
722 1221 845 1287 magna
859 1209 981 1266 vrrtute
996 1201 1100 1287 gessit

107 1284 469 1374 ,multosquepopulos
491 1283 645 1349 Parthico
667 1307 771 1370 regno
796 1285 935 1372 addidit.
967 1284 1043 1352 ‘Sed
1065 1294 1100 1350 et
1151 1285 1155 1296 ’

118 1369 340 1458 cum-Scythis
362 1391 520 1457 prospere
541 1369 716 1457 aliquoties
738 1370 922 1452 dimicavit,
944 1371 1099 1459 ultorque

116 1455 552 1608 ipjmiae.pareuturnbfplit.
594 1455 889 1606 Apuppstremum
908 1456 1098 1544 Artauasdi,

149 1562 349 1618 rmemorum
364 1562 445 1626 regi,
483 1563 501 1606 e
529 1560 586 1607 um
599 1563 634 1606 1n

389 1685 392 1694 ⁴
477 1751 481 1762 .
521 1697 598 1750 car.
615 1657 690 1750 uun

408 1855 410 1860 Ι
469 1778 627 1839 Armeniae
644 1780 741 1850 onae.

180 1873 260 1948 ¹de‘
277 1884 434 1969 quoniam
459 1883 495 1947 in
516 1883 713 1961 Armeniam
743 1881 918 1948 transitum
947 1882 1150 1966 iacimus,40

118 1969 209 2056 origo
231 1968 302 2055 ejus
324 1968 424 2056 paulo
446 1965 551 2038 altius,
566 1966 746 2054 repetenda¹
767 1978 825 2034 est
868 1967 992 2056 Neque
1007 1970 1097 2034 enim

117 2053 435 2140 silentiopraeteriri
449 2061 577 2120 tantum
593 2076 734 2138 regnum
748 2054 799 2119 fas
813 2063 879 2136 est,
894 2067 997 2141 quum
1013 2054 1098 2119 fines

116 2138 188 2227 ejus
204 2149 278 2225 post
287 2139 460 2206 ¹Parthiam
475 2140 623 2206 omnium
638 2161 815 2242 regnorum
831 2139 1097 2227 magnitudinem

1 2241 2 2288 t
117 2235 295 2311 superent3
324 2224 676 2312 siquidemArmenra
705 2249 726 2291 a
750 2225 962 2313 Cappadocia
989 2235 1097 2314 usque

1 2373 2 2404 ᾖ
115 2332 207 2376 mare
222 2310 380 2398 Caspium
403 2309 560 2376 undecies
578 2323 717 2385 eentum
739 2311 845 2376 millia
859 2321 964 2399 patet,
987 2313 1097 2376 sedin

115 2395 323 2462 latitudinem
353 2386 459 2461 millia
483 2417 641 2482 passuum
671 2399 886 2482 septingenta
930 2397 1096 2482 arrigitur.

116 2481 259 2555 Condita
284 2488 333 2547 est
356 2479 398 2548 ab
420 2483 595 2565 Armenio,
615 2482 757 2572 ,daconis
783 2419 936 2548 Thessali
960 2485 1146 2568 comite341

119 2587 215 2653 quem
243 2589 346 2654 quum
368 2566 488 2632 Pelias·
502 2577 562 2632 rex
587 2577 722 2656 propter
745 2569 909 2654 insignem
935 2567 1098 2654 periculo-

116 2669 251 2740 samque
267 2674 327 2718 auo
341 2674 444 2738 regno
459 2652 615 2718 virtutem
632 2652 795 2738 perditum
809 2664 955 2738 cuperet,
971 2653 1098 2720 denun-

116 2737 202 2802 ciata
221 2737 340 2804 militia
360 2739 395 2804 in
420 2736 561 2822 Colchos
582 2739 659 2803 eum
682 2737 773 2805 abire
789 2738 887 2826 jubet
907 2739 1097 2826 pellemque

116 2823 227 2889 arietis
260 2823 507 2889 memorabilem
543 2824 697 2910 gentibus
734 2837 923 2913 reportare,
959 2845 1104 2912 sperans

115 2909 283 2976 interitum
306 2910 370 2974 viri
396 2919 454 2974 aut
475 2931 518 2976 ex
539 2909 697 2997 periculis
721 2919 789 2976 'tam
816 2911 936 2997 longae
960 2908 1095 2998 naviga·
1154 2955 1157 2962 -

114 2995 228 3077 tionis,
249 3003 308 3059 aut
322 3017 365 3060 ex
379 2992 468 3060 bello
482 3005 548 3060 tam
570 2995 755 3082 profundae
774 2996 957 3062 barbariae.
990 2997 1147 3063 tasonta

115 3081 231 3166 igitur,
248 3079 419 3166 divulgata
433 3081 589 3166 opinione
603 3091 669 3148 tam
686 3082 848 3166 gloriosae
864 3081 1095 3166 expeditionis,

114 3187 218 3316 puum
245 3165 288 3231 ad
314 3187 389 3231 eum
416 3168 562 3234 certatim
590 3169 756 3254 principes
779 3167 966 3256 juventutis
995 3167 1096 3232 totius
1144 3179 1157 3218 ’-

1 3293 2 3302 κ
129 3273 218 3318 arma
243 3249 332 3316 orbis
352 3264 602 3318 concurrerent:
630 3254 811 3321 exercitum
833 3252 1095 3337 fortissimorum,

116 3339 173 3424 qui
188 3339 402 3423 Argonautae
417 3340 638 3424 cognominati
654 3350 742 3421 suut,
756 3339 974 3427 comparavit3
995 3360 1095 3440 qoem

116 3435 236 3510 quum,
263 3424 393 3510 magnis
414 3423 513 3488 rebus
535 3426 653 3508 gestis,
674 3423 874 3490 ineolumem
897 3423 1095 3506 reduxisset,

116 3528 230 3576 rursus
251 3531 272 3574 a
285 3507 397 3575 Peliae
418 3499 496 3574 liliis
511 3509 683 3574 Thessalia
701 3531 824 3594 magna
844 3510 877 3575 vi
896 3510 1012 3598 pulsus
1035 3517 1094 3575 est.

115 3591 233 3684 Itaque
254 3617 329 3664 cum
345 3595 473 3682 ingenti
486 3595 714 3681 multitudine,
736 3617 822 3684 quae
836 3595 880 3662 ad
894 3599 1016 3662 tamam
1029 3597 1144 3662 stota
