2678 4246
285 401 306 437 ·
417 339 797 394 unumunurm.
884 297 886 304 Α
1056 341 1094 402 41

94 493 324 573 arbitrantes,
340 491 399 561 diu
413 493 535 559 intrare
550 501 662 577 pertas
677 493 868 559 timuerunt.
905 492 959 558 Ad
974 501 1096 579 postre-

95 600 207 647 mum
219 579 358 664 integris
370 585 403 645 et
412 578 544 646 intactis
555 578 777 658 munimentis,
791 585 975 645 scrutantes
987 581 1095 664 potins

97 685 217 750 quam
234 663 436 752 diripientes,
452 671 560 728 eastra
575 670 829 748 occupaverunt.
868 663 964 730 Tunc
979 664 1096 731 ablatis
1105 671 1145 732 48

99 771 203 841 quae
222 749 447 828 invenerant,
474 748 515 812 ed
542 747 620 814 litus
647 755 895 814 convertuntur.
938 747 991 814 Ibi
1017 748 1096 814 dum

98 851 226 906 naues.
235 835 400 902 incautius
417 833 587 919 diripiunt,
604 856 624 900 a
638 833 822 917 remigibus
832 841 864 898 et
878 833 919 898 ab
932 834 1096 901 exereitus

98 917 229 1005 parte,¹
249 941 388 1006 quecea
404 940 479 984 eum
499 917 697 1018 conjugibus
712 927 745 984 et
759 918 872 988 liberis
891 918 1095 1003 confugerat,

99 1005 201 1072 nihil
217 1005 283 1074 tale
293 1013 475 1073 metuentes
486 1004 705 1087 erueremus
721 1013 813 1070 tanta
837 1025 879 1070 ue
891 1001 1008 1074 caedes
1020 1002 1097 1071 Gal-

100 1090 225 1159 lorum
239 1090 322 1171 fuis.
331 1099 369 1154 ut
381 1090 551 1175 Antigene
566 1109 681 1176 pacem
698 1090 809 1174 opinio
849 1090 924 1178 ujus
939 1089 1097 1156 victoriae

101 1195 184 1242 non
196 1197 218 1240 a
229 1175 335 1242 Gallis
346 1183 486 1254 tantum,
499 1197 615 1240 verum
629 1176 726 1248 etiam
738 1197 760 1238 a
770 1174 918 1244 finitimis
929 1173 1007 1242 feris
1020 1195 1097 1260 gen,-

103 1261 206 1326 tibus
217 1261 423 1345 praestiterit
449 1259 658 1346 Quamquam
670 1259 844 1330 Gallorum
856 1282 895 1324 ea
906 1269 1097 1345 tempestate
1106 1268 1146 1326 49

104 1354 210 1410 tanta
222 1345 400 1418 multitudo
408 1346 496 1425 ,firitr
509 1347 676 1413 uthsiam
691 1353 822 1413 aninam
838 1344 932 1411 velut
945 1346 1097 1413 examine

104 1431 230 1518 alique
244 1430 428 1531 implerent.
462 1430 617 1516 Denique
631 1451 772 1516 nequer
815 1451 849 1494 es
865 1429 1010 1502 Orientis
1025 1431 1098 1499 sine

35 1591 41 1602 ,
106 1537 321 1582 mercenario
344 1514 517 1583 Gallorum
542 1517 690 1586 exercitu
713 1453 892 1586 ullffitella
914 1525 1097 1600 gesserunt,

105 1623 226 1687 neque
252 1601 341 1687 pulsi
367 1621 470 1686 regne
493 1601 536 1667 ed
561 1600 661 1682 alios,
688 1622 787 1686 quarn
814 1600 856 1664 ad
880 1599 995 1666 Galles
1022 1622 1097 1665 con·

105 1687 281 1773 fugerunt.
321 1687 448 1752 Tantus
462 1695 568 1752 terror
583 1686 705 1751 Gallici
724 1686 868 1751 nominis
884 1694 918 1750 et
929 1707 1096 1753 armestun

107 1773 242 1836 invicta
255 1771 394 1836 felicitas
411 1780 489 1851 erat,
507 1780 543 1835 ut
557 1771 653 1836 aliter
668 1793 776 1856 neque
787 1771 990 1857 majestatem
1002 1792 1096 1834 suam

107 1858 227 1937 tutari,
243 1878 286 1920 ne
310 1879 353 1921 ue
364 1858 517 1922 amissam
529 1863 725 1944 recuperare
737 1877 773 1919 se
808 1876 879 1919 osse
890 1856 955 1918 nisi
967 1855 1097 1919 Gallica

108 1944 238 2006 virtute
254 1878 497 2007 arlitrerentur.
528 1942 645 2028 Itaque
659 1942 694 2004 in
711 1878 872 2004 auxilium
888 1965 908 2005 a
918 1940 1096 2026 Bithyniae
1106 1945 1148 2007 50

109 2047 195 2112 rege
209 2027 483 2127 vocati,·regnum
500 2049 575 2096 cum
587 2049 630 2094 eo
645 2035 740 2113 parta
753 2027 894 2094 ‚victoria
904 2026 1095 2106 diviserunt,
1118 2083 1121 2090 ,

112 2133 257 2199 eamque
272 2133 440 2198 regroncm
458 2111 725 2197 Gallograeciam
740 2112 1067 2202 cognominaverunt.

233 2429 236 2438 ¹
433 2399 579 2476 LIBER
605 2400 777 2515 XXVlII.

74 2599 76 2606 ,
113 2527 196 2598 Res
222 2526 397 2616 reliquae
422 2529 465 2597 et
481 2525 626 2616 Pyrrhi
642 2525 828 2618 Epirotae
847 2528 889 2596 et
905 2524 1098 2626 Antigeni

489 2626 726 2700 Hacedenis.

367 2860 505 2930 Pyrrhus
522 2775 696 2917 Efficite
718 2859 845 2928 petitur.

147 2993 152 3002 ·
180 2963 272 3031 Dum
298 2963 381 3029 haec
403 2963 438 3026 in
462 2964 543 3031 Asia
567 2971 742 3048 geruntur,
770 2963 901 3034 interim
927 2962 962 3026 in
983 2961 1098 3035 Sicilia
1129 2968 1146 3027 1

114 3049 143 3112 P
167 3048 264 3114 rrhus
281 3071 301 3114 a
315 3049 436 3114 Poenis
452 3048 563 3120 navali
579 3047 704 3134 proelio
719 3048 844 3130 victus,
861 3047 903 3112 ab
918 3047 1096 3131 Antigene,

152 3132 331 3202 acedoniae
345 3155 433 3219 rege,
457 3132 726 3220 supplementum
739 3133 883 3199 rnilitum
898 3153 958 3218 per
972 3131 1099 3216 legatos

114 3220 208 3307 petit,
224 3219 440 3300 denuncians,
455 3227 490 3285 ns·
504 3227 612 3300 mittat,
627 3226 732 3286 redire
742 3231 777 3284 ‘se
789 3227 821 3284 ie
832 3239 958 3297 reanum
970 3238 1098 3286 necesse

115 3311 242 3384 nubae,
259 3313 448 3374 incrementa
463 3309 887 3386 ranaauaeuesomana
901 3309 1041 3380 uelauit,
1058 3307 1097 3368 de

116 3399 187 3474 stepo
200 3399 420 3472 quaesiturum.
443 3389 541 3471 Quod
551 3390 611 3458 ubi
621 3398 778 3476 negatum
790 3387 893 3474 legati
903 3386 1096 3468 retulerunt,
1128 3391 1147 3452 2

116 3474 479 3558 dissimulassemus,
506 3473 1095 3561 repentinamfingitprofectionem.

116 3560 230 3631 Socios
245 3561 377 3631 interim
393 3583 511 3648 parare
529 3561 655 3628 bellum
665 3560 776 3650 jubet3
797 3558 1096 3630 monumentum
