2658 4244
508 353 617 404 LIBER
633 354 680 406 1v.
1041 351 1080 412 19

100 503 297 572 vecordium
312 506 348 569 in
363 503 534 590 publicum
550 504 668 585 evolat,
683 505 835 591 factoque
847 525 1010 570 concursu
1025 505 1080 570 ho-

100 593 246 672 minum,
289 613 334 655 uo
355 592 460 674 magis
482 591 658 655 consilium
679 590 915 672 dissimularet,
937 591 1080 656 insolitis

97 677 164 742 sibi
180 613 335 740 versibus
351 677 489 741 suadere
511 675 634 762 populo
651 679 773 762 coepit,
795 675 884 764 quod
898 676 1080 758 vetabatur,

99 763 254 828 omnium
278 785 321 828 ue
333 763 459 828 animos
474 763 521 826 ita
535 763 637 847 cepit,
652 773 690 826 ut
705 761 870 847 extemplo
886 761 1011 827 bellum
1027 763 1080 827 ad-

98 866 218 914 versus
272 869 446 930 egarenees
462 846 708 931 decerneretur,
730 847 921 936 insulaque,
943 846 1080 912 devictis

100 933 266 1016 hostibus,
281 933 534 1000 Atheniensium
548 933 648 999 fieret.

521 1087 597 1141 OAP.
615 1086 665 1140 111.

460 1171 737 1229 Pisistratus.

163 1277 288 1340 Postea
301 1275 527 1361 Megarenses,
547 1295 707 1340 memores
724 1265 808 1340 illati
822 1274 1080 1341 Atheniensibus
1092 1283 1129 1339 15

98 1361 183 1426 belli
204 1370 237 1426 et
252 1362 384 1443 deserti,
407 1371 572 1426 matronas
587 1359 840 1427 Atheniensium
862 1363 897 1425 in
913 1362 1080 1427 Eleusinis

96 1449 204 1512 sacris
220 1456 322 1512 noctu
336 1448 535 1532 oppressuri,
550 1467 652 1510 nares
669 1446 902 1511 conscendunt.
948 1447 1023 1529 Qua
1045 1467 1080 1512 re
1091 1455 1129 1510 16

94 1535 247 1618 cognita,
271 1531 340 1598 dux
354 1533 607 1599 Atheniensium
622 1532 810 1597 Pisistratus
820 1534 1030 1620 juventutem
1045 1534 1079 1596 in

95 1618 234 1683 insidiis
256 1617 357 1700 locat,
375 1620 477 1705 jussis
500 1619 657 1682 matronis
680 1618 774 1682 solito
791 1616 933 1683 clamore
949 1640 987 1681 ac
1003 1627 1080 1682 stre-

97 1706 175 1790 pitu
196 1704 296 1768 etiam
316 1705 352 1767 in
373 1726 507 1768 accessu
531 1703 689 1785 hostium,
711 1726 754 1768 ne
775 1703 960 1768 intellectos
979 1702 1080 1767 illisa

96 1791 257 1869 sentiant,
273 1810 369 1854 sacra
383 1789 566 1873 celebrare;
584 1809 731 1874 egressos
753 1811 798 1874 ,ue
812 1787 955 1852 navibus
970 1788 1080 1873 Mega

98 1897 217 1938 renses
243 1875 453 1960 inopinantes
478 1891 670 1962 aggressus,
701 1812 839 1953 delevit,
867 1895 905 1936 ac
931 1875 1081 1957 protinus

99 1959 212 2022 classe
233 1961 364 2046 captiva
382 1961 578 2026 intermixtis
599 1957 801 2040 mulieribus,
817 1967 854 2022 ut
870 1960 1014 2044 speciem
1031 1981 1081 2023 ca-

16 2103 17 2108 ,
129 2052 237 2108 tarum
257 2054 482 2110 matronarum
528 2043 880 2130 raeberent,Megara
902 2045 1080 2109 contendit.

99 2067 160 2194 iiii
177 2152 278 2216 quum
295 2140 327 2195 et
342 2133 477 2195 navium
492 2068 630 2196 tdrmam
646 2140 678 2194 et
695 2131 830 2215 petitam
848 2129 1005 2216 praedam
1029 2152 1080 2195 co-

96 2225 310 2299 gnoscerent,
317 2216 410 2280 obvii
421 2217 462 2280 ad
474 2227 604 2301 portum
639 2215 815 2300 recedunt5
831 2216 953 2302 quibus
965 2218 1080 2297 caesis,

98 2301 295 2367 Pisistratus
311 2303 448 2387 paulum
464 2327 484 2366 a
497 2239 659 2388 capienda
673 2301 755 2368 urbe
771 2301 884 2366 abfuit
909 2302 960 2365 Ita
971 2301 1080 2392 Mega-

96 2408 216 2452 renses
232 2389 301 2451 suis
317 2386 400 2452 dolis
415 2388 501 2452 hosti
515 2388 685 2452 victoriam
702 2385 830 2451 dedere.
856 2385 922 2451 Sed
933 2387 1080 2452 Pisistra·
1092 2395 1130 2450 17

98 2481 174 2553 tus,
197 2473 294 2558 quasi
315 2473 393 2553 sibi,
407 2491 483 2538 ¹non
498 2475 623 2558 patriae
638 2475 779 2553 vicisset,
794 2472 1005 2558 tyrannidem
1021 2495 1081 2558 per

99 2552 218 2622 dolum
242 2569 394 2644 occupat3
417 2559 540 2645 quippe
562 2557 757 2624 voluntariis
777 2557 971 2622 uerberibus
993 2557 1082 2622 domi
1188 2622 1194 2636 ,

104 2643 257 2725 affectus,
278 2644 486 2731 laceratoque
507 2663 642 2730 corpore
663 2645 698 2708 in
717 2643 889 2728 publicum
914 2643 1081 2730 progredi-

104 2736 177 2810 tur,
198 2729 358 2794 advocata
373 2732 545 2815 concione,
560 2731 701 2794 vulnera
715 2730 837 2814 populo
854 2728 1013 2813 ostendit,
1039 2729 1078 2792 de

100 2813 298 2879 crudelitate
313 2818 514 2901 principum,
538 2837 558 2879 a
578 2816 697 2903 quibus
712 2815 794 2880 haec
810 2834 845 2879 se
860 2833 994 2899 passum
1011 2837 1080 2879 esse

100 2897 291 2982 simulabat,
304 2903 468 2988 queritur3
485 2901 651 2966 adduntur
662 2901 800 2965 vocibus
812 2901 977 2981 lacrimae,
990 2909 1022 2965 et
1032 2900 1080 2963 in·
1198 2965 1200 2970 .

99 2985 235 3049 ridioea
250 2991 397 3052 oratione
413 2987 589 3062 multitudo
601 2987 735 3052 credula
747 2987 954 3069 accenditur3
970 3007 1080 3050 amore

100 3069 212 3156 plebis
232 3071 377 3137 invisum
398 3095 432 3137 se
453 3075 580 3138 senatui
603 3071 758 3157 affirmat3
780 3073 904 3138 obtinet
919 3072 961 3135 ad
977 3077 1080 3135 custo-

101 3155 195 3220 diam
211 3161 355 3244 aorporis
368 3159 419 3223 sui
434 3159 611 3223 satellitum
628 3159 801 3240 auxilium,
816 3181 875 3243 per
890 3179 971 3243 quos
987 3177 1080 3221 occu·
1143 3166 1216 3226 560.

99 3251 183 3329 pata
196 3244 374 3328 tyrannide
388 3267 448 3331 per
464 3263 567 3308 annos
584 3246 720 3331 triginta
733 3254 799 3308 tres
815 3243 976 3327 regnavit.

521 3401 596 3453 cAP.
615 3401 662 3452 IV.

492 3485 698 3554 Hippias.

166 3585 247 3650 Post
263 3587 333 3673 ejus
348 3595 486 3652 mortem
501 3588 651 3669 Diocles,
669 3589 752 3652 alter
767 3609 809 3652 ex
823 3586 910 3668 filiis,
927 3606 947 3652 a
955 3588 1081 3675 juvene
1092 3593 1130 3649 18

891 3689 929 3742 2*
