2666 4246
253 361 312 421 124
543 361 683 414 JUSTlNI
700 361 947 411 HISTORIARUM

252 508 457 601 periculosae
480 512 711 598 navigationis,
735 511 887 576 omnibus
910 519 1047 574 mortem
1070 511 1241 594 lupatria

251 597 534 686 praeoptantibus,
558 620 610 661 res
626 599 747 661 omissa
763 607 858 677 esset,
875 594 1000 660 bellum
1015 596 1067 660 his
1083 595 1237 660 Phoceu·
1319 601 1320 622 ¹

252 708 303 750 ses
327 684 527 765 intulerunt3
550 703 690 769 quorum
715 705 817 769 quum
839 681 980 745 adversa
1000 681 1125 766 proelia
1139 689 1239 768 pate-

251 781 381 850 rentur,
412 771 529 832 iterato
550 767 594 832 ad
617 768 786 832 oraculum
810 766 1003 849 decurruut3
1034 788 1237 850 responsum

252 866 310 936 est,
332 863 414 920 idern
437 861 510 918 belli
531 861 616 932 quod
623 861 824 932 pestilentiae
842 859 1008 917 mineatum
1026 859 1107 930 sore.
1142 851 1238 916 Con·
1320 891 1321 902 κ

252 942 375 1026 scripta
406 940 509 1022 igitur
537 937 729 1002 colonorum
758 959 874 1018 manu,
902 938 938 999 in
960 937 1100 1000 Pontum
1125 936 1237 999 delati

251 1024 368 1089 urbem
383 1023 579 1087 Heracleam
594 1023 822 1104 condiderunt,
845 1033 886 1104 et,
910 1023 1065 1109 quoniam
1086 1021 1237 1085 fatorum

252 1111 408 1194 auspiciis
430 1110 466 1172 in
487 1131 543 1172 eas
571 1108 666 1172 sedes
697 1108 797 1170 delati
826 1116 928 1186 erant,
956 1107 1051 1170 brevi
1080 1116 1236 1190 tempore

223 1206 389 1279 3magnas
406 1216 485 1278 opes
496 1216 665 1277 paravere.
695 1193 802 1256 Multa
817 1191 936 1255 deinde
952 1192 1050 1278 hujus
1065 1192 1154 1255 urbis
1174 1192 1236 1256 ad·
1321 1203 1322 1260 ἶ

251 1301 365 1342 versus
377 1280 534 1342 finitimos
546 1278 643 1359 bella,
656 1279 779 1342 multae
790 1279 888 1341 etiam
897 1277 1094 1341 domesticae
1102 1277 1235 1340 dissen-

251 1365 361 1426 siones
383 1365 483 1427 fuere.
528 1364 619 1427 Inter
643 1373 752 1426 cetera
774 1362 952 1446 magnifica
973 1363 1027 1426 vel
1050 1363 1234 1448 praecipue

250 1448 334 1512 illud
349 1447 562 1512 memorabile
577 1449 648 1512 fuit
680 1448 789 1528 Quum
806 1469 914 1512 rerum
931 1449 1113 1532 potirentur
1127 1447 1234 1512 Athe-

250 1535 392 1613 nienses,
409 1534 572 1618 victisque
587 1534 706 1613 Persis,
728 1534 888 1598 Graeciae
904 1542 937 1596 et
950 1533 1050 1596 Asiae
1066 1532 1231 1595 tributum
1322 1557 1323 1608 5

251 1620 284 1681 in
308 1618 444 1682 tutelam
467 1618 581 1682 classis
597 1619 857 1703 descripsissem,
881 1617 1034 1682 omnibus
1049 1615 1167 1705 cupide
1186 1618 1233 1681 ad

250 1703 450 1790 praesidium
467 1703 582 1766 salutis
597 1726 676 1767 suae
692 1703 945 1784 conferentibus,
962 1703 1023 1766 soli
1038 1703 1233 1765 Heraclien·

250 1811 302 1854 ses
323 1789 365 1853 ob
387 1789 565 1851 amicitiam
586 1811 706 1876 regum
718 1789 925 1852 Persicorum
950 1787 1156 1851 collationem
1173 1787 1232 1850 ab·

220 1884 400 1941 dnuerant.
430 1874 552 1937 Missus
575 1874 679 1956 igitur
700 1874 741 1938 ab
761 1873 1020 1938 Atheniensibus
1040 1871 1230 1936 Lamachus
1323 1949 1324 1960 ἵ

250 1981 325 2023 cum
355 1961 502 2023 exercitu
533 1958 577 2022 ad
603 1958 884 2044 extorquendum,
914 1959 1004 2045 quod
1032 1957 1230 2041 negabatur,
1323 1965 1324 1982 *

250 2043 339 2123 dum,
362 2045 485 2107 relictis
508 2045 543 2108 in
566 2043 659 2107 litore
675 2045 827 2124 navibus,
851 2066 947 2129 agros
961 2043 1230 2106 Heracliensium

249 2128 437 2214 populatur,
460 2125 599 2193 'classem
623 2151 697 2192 oum
721 2131 844 2228 majore
859 2139 953 2214 parte
969 2130 1132 2192 exercitus
1148 2149 1230 2191 nau-

220 2213 354 2297 5fragio
377 2215 568 2298 repentinae
592 2223 795 2298 tempestatis
819 2217 937 2277 amisit.
982 2214 1099 2298 Itaque
1125 2236 1229 2298 quum
1324 2289 1325 2294 η

247 2320 357 2384 neque
379 2300 461 2362 mari
481 2308 601 2383 posset,
626 2301 754 2362 amissis
770 2301 921 2379 navibus,
945 2321 1054 2383 neque
1070 2308 1157 2361 terra
1172 2321 1230 2362 au·
1324 2295 1325 2308 ¹

248 2383 341 2447 deret
362 2405 437 2446 cum
459 2407 562 2468 parva
584 2407 685 2448 manu
701 2386 787 2448 inter
809 2394 857 2448 tot
876 2385 1095 2449 ferocissimas
1112 2393 1228 2468 gentes

248 2469 385 2550 reverti,
415 2469 664 2550 Heraclienses,
695 2468 915 2533 honestiorem
944 2468 1096 2534 beneficii
1127 2491 1229 2553 quam

247 2554 382 2618 ultionis
420 2557 625 2619 occasionem
661 2555 740 2633 rati,
776 2557 953 2618 instructos
989 2553 1229 2618 commeatibus

247 2641 450 2724 auxiliisque
466 2639 643 2717 dimittunt,
661 2641 897 2719 existimantes,
922 2661 1074 2724 agrorum
1092 2661 1228 2701 suorum

246 2747 289 2871 po
314 2723 493 2788 ulationem
514 2724 599 2788 bene
620 2726 803 2808 impensam
828 2747 916 2808 esse,
940 2727 986 2806 si,
1010 2746 1091 2811 quos
1113 2723 1227 2788 hostes

272 2747 441 2890 abuerant,
458 2811 580 2872 amicos
597 2807 829 2873 reddidissent.

446 3047 622 3116 clearchus,
639 2965 1025 3116 tyihlluilirersonensrs.

217 3160 234 3218 6
310 3151 404 3216 Passi
426 3158 503 3214 sunt
523 3151 610 3214 inter
624 3151 768 3236 plurima
782 3151 871 3215 mala
887 3151 984 3214 etiam
1000 3148 1227 3234 tyrannidem3

245 3259 348 3324 quum
378 3238 467 3300 enim
497 3235 592 3320 plebs
625 3247 658 3301 et
686 3259 790 3300 novas
821 3236 952 3300 tabulas
976 3244 1008 3298 et
1028 3235 1226 3298 divisionem

245 3343 400 3405 agrorum
417 3322 556 3385 divitum
573 3323 771 3407 impotenter
791 3322 965 3408 flagitaret,
988 3343 1096 3468 nerpue
1117 3321 1227 3384 exitus

244 3407 291 3470 rei
307 3407 523 3488 inveniretur,
545 3406 587 3471 ad
607 3417 809 3492 postremum
834 3407 993 3484 adversus
1015 3405 1156 3490 pebem,
1178 3405 1228 3467 ni-

243 3492 310 3554 mio
327 3492 392 3554 otio
409 3492 644 3572 lascivientem,
661 3494 787 3556 auxilia
803 3516 822 3556 a
837 3493 1022 3571 Timotheo,
1047 3490 1227 3566 Athenien·

244 3578 329 3640 sium
353 3575 446 3658 duce,
469 3600 548 3641 mox
571 3577 612 3642 ab
634 3577 868 3663 Epaminonda
883 3577 1119 3641 Thebanorum
1145 3577 1226 3660 peti-
