2658 4250
242 315 299 375 118
529 317 669 370 susum
685 317 931 371 HISTORIARUM

191 477 229 536 15
238 490 395 556 pecorum
406 441 531 554 ‚agresti
545 470 615 534 vita
628 469 776 534 nutrivit.
816 469 952 536 Martios
967 493 1087 556 pueros
1102 469 1225 552 fuisse,

240 557 318 638 sive·
332 554 421 642 q'uod
435 556 470 619 in
486 554 560 620 luco
576 556 691 620 Martis
707 555 775 620 nati
791 565 876 638 sunt,
901 557 971 621 sive
985 556 1075 644 quod
1089 579 1109 620 a
1124 556 1224 642 lupa,
1321 623 1322 634 2

239 661 323 728 qnae
335 641 370 704 in
381 641 484 706 tutela
495 641 609 706 Martis
622 650 680 724 est,
692 641 818 722 nutriti,
830 642 1110 707 velutmanifestis
1119 663 1224 728 argu·

189 725 590 792 lementiscreditumest.
614 727 884 810 Nomiuapueris,
898 728 991 792 alteri
999 728 1111 809 Remo,
1120 727 1224 792 alteri
1316 774 1320 783 .

156 835 161 849 ¹
239 811 502 892 Romulofuere„
519 812 1224 900 Adultisinterpastoresquotidianacerta

189 907 229 965 17
238 898 367 961 minaet
374 898 460 962 vires
469 900 733 985 etpemieitatem
739 919 871 962 auxere.
887 899 1223 986 Itaquequumlatro-

237 982 1224 1072 nesarapiuapecorumindustriefrequenterquesubmove-

238 1078 320 1148 rent,
343 1068 465 1133 Remus
486 1068 527 1134 ab
543 1069 661 1134 iisdem
677 1068 859 1134 latronibus
875 1079 1000 1157 captus,
1019 1069 1124 1134 veluti
1144 1071 1222 1155 ipse
1321 1086 1322 1101 ¹

239 1163 334 1236 esset,
356 1153 447 1240 quod
466 1154 500 1218 in
517 1154 590 1220 aliis
605 1154 811 1241 prohibebat,
832 1156 904 1240 regi
918 1155 1067 1238 offertum
1084 1156 1223 1220 crimini

239 1240 349 1322 datur,
371 1240 466 1327 quasi
526 1263 602 1326 ages
618 1241 799 1306 Numitoris
819 1240 974 1306 infestare
989 1240 1104 1306 solitus
1120 1251 1221 1307 esset.

189 1339 229 1398 18
239 1326 334 1390 Tunc
349 1341 458 1411 aroge
503 1328 635 1392 umitori
644 1327 680 1390 in
691 1326 851 1392 ultionem
863 1326 1011 1392 traditur.
1034 1327 1101 1402 Sed
1112 1348 1221 1414 quum

237 1409 453 1492 Numitorem,
476 1412 699 1478 adolescentia
715 1412 850 1498 juvenis
865 1421 1049 1499 permotum
1066 1421 1099 1477 et
1112 1413 1150 1476 in
1165 1435 1220 1478 sm

239 1498 419 1583 spicionem
436 1498 576 1583 expositi
588 1521 630 1563 ue
655 1499 716 1562 otis
730 1497 919 1580 adductum,
935 1519 1026 1563 nune
1036 1497 1221 1563 lineamen-

237 1593 346 1650 torum
366 1583 456 1648 ffliae
479 1583 616 1648 similitu
640 1607 669 1664 0,
693 1605 782 1647 nune
803 1591 891 1648 aetas
907 1583 1122 1670 expositionis
1136 1591 1221 1648 tem·

238 1669 373 1756 poribus
385 1691 571 1755 congruens
579 1671 716 1734 anxium
724 1677 881 1750 tenerent,
893 1677 1028 1756 repente
1036 1669 1219 1734 Faustulus

189 1769 228 1825 19
238 1777 314 1832 cum
328 1755 468 1820 Romulo
485 1757 684 1841 supervenit.
722 1753 863 1840 Cognita
877 1755 889 1820 i
914 1756 979 1820 ‘tur
994 1755 1122 1840 origine
1135 1777 1217 1904 pue

237 1863 358 1924 rorum,
380 1839 581 1928 conspiratio
603 1851 653 1906 est
667 1840 762 1922 faeta,
786 1849 818 1906 et
832 1840 895 1904 ado
910 1849 1055 1905 essentes
1071 1840 1105 1904 in
1121 1861 1144 1904 u
1159 1841 1218 1905 tio·

237 1950 314 1992 nem
336 1936 504 1992 maternae
526 1928 618 1992 neeis
641 1936 674 1992 et
686 1925 840 1991 Numitor
859 1926 894 1990 in
914 1925 1095 1992 vindictam
1111 1926 1218 2011 erepti

188 2024 230 2084 20
238 2013 333 2100 regui
356 2021 534 2077 armantur.
579 2013 698 2080 Occiso
720 2011 865 2092 Amulio,
888 2034 1028 2098 regnum
1050 2010 1216 2076 Numitori

100 2103 169 2165 753.
238 2098 430 2180 restituitur,
454 2106 486 2162 et
504 2097 583 2162 urbs
599 2099 748 2162 Romana
768 2095 808 2162 ab
825 2096 1086 2162 adolescentibus
1104 2095 1217 2163 condi-

239 2194 301 2248 tur.
348 2183 444 2247 Tunc
466 2191 498 2247 et
517 2193 649 2248 senatus
672 2191 803 2248 eentum
823 2182 1000 2263 seniorum,
1022 2183 1081 2271 qui
1100 2182 1215 2248 Patres

240 2269 319 2334 dicti
338 2277 425 2350 suut,
448 2269 665 2349 constituitur,
688 2277 767 2334 tune
783 2276 823 2349 et,
845 2268 964 2334 vicinis
980 2267 1144 2338 connubia
1157 2289 1214 2352 pa

239 2364 363 2420 storum
390 2353 661 2440 dedignantibus,
688 2353 834 2440 virgines
854 2353 998 2419 Sabinae
1024 2353 1209 2442 rapiuntur3

238 2441 453 2527 finitimisque
472 2439 603 2528 populis
624 2441 724 2505 armis
748 2439 913 2526 subjectis,
935 2440 1079 2525 primum
1098 2437 1211 2504 Italiae

189 2539 227 2596 21
240 2537 272 2593 et
296 2549 375 2593 mox
401 2525 490 2592 orbis
511 2526 690 2614 imperium
716 2525 911 2613 quaesitum.
953 2525 1019 2590 Per
1045 2547 1084 2590 ea
1105 2523 1212 2590 adbuc

239 2623 387 2701 tempora
407 2635 502 2698 reges
524 2611 635 2677 hastas
656 2632 716 2697 pro
732 2609 916 2676 diademate
932 2609 1108 2691 habebant,
1132 2631 1211 2696 quas

125 2761 128 2772 ,
240 2699 361 2764 Graeci
376 2707 505 2784 sceptra
521 2696 643 2762 dixere.
681 2697 711 2760 N
713 2718 766 2760 am
782 2706 815 2760 et
829 2695 870 2761 ab
886 2695 1014 2782 origiue
1029 2718 1140 2762 rerum
1153 2713 1209 2782 pro

240 2783 302 2848 diis
318 2782 558 2849 immortalibus
574 2791 700 2848 veteres
716 2781 827 2846 hastas
842 2781 982 2863 coluere,
999 2781 1040 2846 ob
1056 2783 1151 2846 ou'us
1165 2803 1210 2846 re-

239 2869 372 2954 ligionis
395 2869 586 2934 memoriam
609 2868 719 2934 adhue
741 2867 877 2932 deorum
900 2867 1084 2933 simulacris
1092 2805 1209 2933 luastae

240 2955 416 3020 adduntur.

657 3041 733 3094 csP.
750 3041 801 3092 111.
845 3080 850 3086 .

454 3125 658 3186 Phocaeenses
675 3124 840 3182 blaesillam
858 3123 999 3184 condunt·
1043 3199 1047 3206 .

189 3223 228 3283 22
303 3213 521 3302 Temporibus
533 3213 707 3299 Tarquinii
717 3213 805 3298 regis
816 3233 858 3276 ex
866 3210 1207 3278 AsiaPhocaeeusium

234 3302 393 3389 juventus
416 3300 499 3365 ostio
515 3299 645 3364 Tiberis
666 3299 798 3363 invecta
813 3297 992 3362 amicitiam
1008 3319 1083 3362 cum
1099 3295 1207 3362 Roma·
1323 3373 1324 3378 γ

239 3389 292 3451 nis
302 3387 430 3474 junxit3
447 3385 526 3450 iude
540 3387 575 3449 in
591 3384 724 3449 ultimos
738 3382 868 3448 Galliae
883 3383 976 3448 sinus
988 3383 1131 3448 navibus
1141 3403 1206 3468 pre·
1323 3415 1324 3441 r

240 3482 336 3536 vecta
350 3471 532 3537 Massiliam
552 3472 639 3534 inter
652 3469 794 3556 Liguras
816 3478 849 3534 et
871 3469 957 3534 feras
974 3477 1088 3554 gentes
1104 3465 1207 3534 Gallo
1323 3487 1324 3544 ;

240 3580 314 3622 rum
341 3555 505 3639 condidit3
532 3577 736 3642 magnasque
760 3575 828 3634 res,
856 3555 926 3620 sive
953 3553 1031 3618 dum
1056 3555 1206 3618 arruisse
