2666 4246
494 357 603 410 Llelii
620 359 721 414 xxm.
763 368 765 376 ’
1061 355 1100 416 13

115 510 295 575 infeliciter
319 518 536 596 sumpserant,
566 517 815 595 mutassentque
836 509 936 574 vitam
960 510 1101 592 luxuria,

116 597 152 658 ni
175 595 384 681 Pythagoras
412 593 632 680 philosophus
659 595 786 658 fuisset.
830 594 897 659 Hic
922 593 1014 658 Sami
1035 595 1151 659 De-lt

115 690 260 759 marato,
304 679 469 764 locuplete
505 681 727 764 negotiatore,
766 687 868 744 natm
904 681 1101 765 magnisque

116 765 301 851 sapientiae
328 765 541 828 incrementis
562 766 739 844 formatus,
768 766 960 848 Aegyptum
983 765 1100 849 primo.

116 873 197 915 mox
226 849 447 935 Babyloniam
479 849 522 912 ad
551 849 786 938 perdiscendos
816 848 963 914 siderum
993 857 1101 914 motus

116 936 347 1022 originemque
369 933 487 998 mundi
508 935 724 1020 spectandum
739 934 914 1019 profectus,
937 955 1099 998 summam

116 1020 290 1086 seientiam
323 1028 520 1085 consecutus
553 1029 611 1085 cst
655 1019 739 1084 Inde
771 1041 940 1105 regressus
968 1019 1099 1084 (laetam

117 1115 150 1169 et
167 1105 419 1170 Lacedaemona
441 1104 483 1169 ad
506 1105 753 1190 cognoscendas
767 1105 889 1170 Minois
903 1105 980 1169 etL
1005 1106 1100 1190 curgi

116 1189 260 1276 inclytae
288 1211 327 1255 ea
354 1199 548 1275 tempestate
577 1189 668 1275 leges
690 1189 922 1255 contenderat.
999 1189 1099 1254 uibus
1112 1197 1151 1253 15

114 1275 273 1340 omnibus
293 1276 476 1340 instructus
500 1274 677 1340 Crotonem
696 1277 791 1340 venit
836 1275 1041 1361 opulumque
1063 1276 1098 1337 in

118 1359 285 1424 luxuriam
315 1360 445 1448 lapsum
477 1361 669 1424 auctoritate
690 1383 758 1425 sua
780 1297 833 1424 ad)
845 1381 942 1425 usum
964 1358 1100 1446 frugali·

117 1446 193 1510 tatis
223 1447 399 1511 revocavit.
444 1443 620 1510 Laudabat
646 1445 794 1532 quotidie
823 1447 978 1510 virtutem
1001 1455 1101 1532 atque

117 1530 334 1595 enumerabat
365 1531 449 1596 vitia
475 1530 629 1594 luxuriae
656 1551 752 1594 casus
778 1552 820 1595 ue
844 1532 1032 1595 civitatium
1060 1551 1103 1594 ea

117 1624 209 1700 peste
236 1615 449 1701 perditarum,
479 1625 673 1702 tantumque
702 1553 926 1681 multitudinis
952 1615 1101 1679 ebidiam

118 1701 161 1764 ad
182 1700 405 1785 frugalitatem
429 1703 631 1785 provocavit,
654 1709 700 1782 ut,
724 1701 768 1764 ali
792 1722 857 1764 uos
877 1722 920 1764 ex
938 1699 990 1764 his
1004 1700 1101 1764 luxu-

117 1787 218 1850 riatos
233 1807 315 1866 esse,
338 1785 534 1852 incredibile
556 1786 735 1850 videretur.
770 1723 1005 1850 habenarum
1022 1804 1100 1870 qno-
1113 1791 1151 1848 16

118 1893 182 1956 que
217 1878 402 1956 separatam
435 1893 455 1934 a
487 1872 568 1936 viris
599 1871 783 1936 doctrinam
810 1879 846 1934 et
874 1891 1053 1957 puerorum
1082 1891 1102 1933 a

118 1957 312 2042 parentibus
345 1957 534 2042 frequenter
564 1955 692 2020 habuit.
736 1955 889 2020 Docebat
919 1975 1010 2020 nuuc
1040 1954 1100 2020 has

118 2041 312 2126 pudicitiam
340 2050 374 2106 et
400 2041 562 2128 obsequia
588 2041 623 2106 in
650 2042 750 2121 viros,
778 2061 870 2104 nnnc
891 2039 967 2106 illos
990 2039 1100 2104 mode

117 2127 214 2191 stiam
237 2135 271 2191 et
291 2126 460 2190 literarum
483 2126 640 2192 studium.
685 2125 777 2190 Inter
799 2125 882 2192 baec
896 2125 990 2190 velut
1004 2145 1102 2209 gene-

117 2213 236 2275 tricem
250 2211 411 2276 virtutum
427 2211 650 2296 frugalitatem
666 2211 822 2277 omnibus
836 2210 1100 2290 commendabat,

118 2305 382 2383 consecutusque
419 2307 490 2362 erat
526 2297 787 2381 disputationum
823 2297 1027 2376 assiduitate,
1065 2306 1102 2360 ut

10 2441 11 2450 ,
116 2390 287 2446 matronae
316 2391 448 2446 auratas
478 2390 586 2446 vestes
616 2391 792 2467 ceteraque
822 2381 992 2465 dignitatis
1018 2401 1101 2446 suae

118 2476 321 2547 ornamenta,
344 2467 438 2531 velut
456 2467 678 2532 instrumenta
700 2465 864 2547 luxuriae,
887 2465 1100 2551 deponerent,

118 2573 224 2639 eaque
244 2552 373 2634 omnia,
404 2550 514 2616 delata
539 2553 575 2616 in
592 2552 742 2617 denonis
770 2550 896 2631 aedem,
924 2551 989 2636 ipsi
1019 2549 1101 2614 deae

118 2646 365 2718 consecrarent,
406 2659 487 2723 prae
523 2659 558 2702 se
594 2637 755 2702 ferentes:
791 2657 872 2700 vera
908 2644 1103 2700 ornamenta

117 2731 343 2786 matronarum
366 2722 571 2806 pudicitiam,
600 2743 667 2786 non
693 2730 801 2788 restes
824 2741 906 2786 esse.
950 2719 1018 2786 Sed
1038 2726 1151 2786 tre-1⁴7

10 2851 11 2878 t
119 2809 207 2872 eenti
222 2829 272 2871 «ex
289 2807 471 2907 juvenibus
494 2829 596 2894 quum
620 2806 770 2872 sodalicii
787 2807 873 2893 jure,
895 2815 1101 2872 sacramento

119 2893 264 2980 quodem
298 2914 394 2972 nens,
423 2901 613 2978 separatam
642 2914 663 2956 a
689 2893 808 2958 ceteris
835 2890 966 2958 civibus
996 2893 1099 2956 vium

117 2986 327 3042 ereremum:
351 2979 448 3063 quasi
469 2986 599 3043 coetum
622 2977 847 3042 clandestinae
862 2976 1100 3063 conjurationis

119 3063 289 3145 haberent,
318 3064 485 3127 ciritamm
513 3064 548 3126 in
579 3085 615 3127 se
644 3071 894 3144 converteruntg
925 3082 1010 3146 quae
1026 3079 1100 3139 reos,

143 3169 221 3212 uum
238 3149 273 3212 in
289 3169 389 3212 unam
406 3147 799 3227 domumccnrenissent,
822 3167 969 3210 cremare
983 3144 1100 3212 voluit.

184 3255 252 3318 quo
281 3233 427 3298 tumultu
455 3233 630 3317 sexaginta
655 3233 759 3297 ferme
784 3231 969 3317 perierunt3
999 3230 1101 3294 musi

118 3319 158 3384 in
172 3317 331 3383 exsilium
350 3327 434 3382 sunt
454 3319 601 3404 proiecti.
636 3317 1151 3404 .2Pytbegonaaautemquum18

113 3425 223 3468 annos
238 3403 359 3488 viginti
373 3401 686 3488 crotonaesgiaset,
698 3399 990 3486 Metapontumtni
1052 3401 1102 3465 vit

113 3488 232 3576 ibique
244 3489 403 3571 deocaslt3
417 3486 886 3574 eujustantaadutisatioditit,
895 3421 1100 3552 atrab-lm

118 3569 1007 3661 quarumpiamsuccenseamqsaprmdscactasnt.
