2678 4246
259 353 299 412 82
547 354 688 408 worm
705 304 954 408 fflsuomsaml

257 504 347 591 quod
361 505 396 568 in
412 505 465 570 bis
480 515 608 571 tantum
624 506 816 591 regionibus
832 509 990 592 gignitur.
1020 507 1084 574 Est
1096 529 1239 594 namque

257 590 369 670 vallis,
385 613 471 676 quae
486 593 652 656 continuis
668 591 850 673 montibus,
865 593 959 657 velut
974 615 1070 658 muro
1086 593 1238 680 quodam,

257 675 300 739 ad
321 676 425 740 instar
439 687 620 741 castrorum
637 675 812 741 clauditur.
850 677 1002 762 Spatium
1018 677 1083 742 loci
1099 678 1241 742 ducenta

251 763 392 846 jugera3
418 764 553 826 nomine
578 761 737 826 Hiericho
765 761 894 827 dicitnr.
943 763 995 826 lbi
1023 763 1108 828 silva
1132 772 1182 826 est
1208 772 1241 825 et

257 848 405 912 ubertate
432 855 464 910 et
489 849 687 911 amoenitate
713 847 876 932 insignis,
905 847 1070 933 siquidem
1121 847 1239 910 ulmeto

257 940 289 996 et
315 930 560 1018 opobalsameto
587 932 812 1016 distinguitur.
861 931 1009 996 Arbores
1035 870 1240 1019 opobalsami

256 1018 394 1080 formam
416 1017 557 1081 similem
579 1018 683 1101 piceis
707 1016 879 1082 arboribus
902 1016 1039 1098 habent,
1063 1018 1129 1081 nisi
1172 1016 1240 1082 uod

209 1175 216 1188 .
257 1111 334 1166 sunt
352 1101 494 1166 humiles
515 1103 621 1186 magis
642 1113 675 1166 et
693 1103 728 1166 in
743 1103 918 1166 vinearum
938 1125 1063 1167 morem
1085 1039 1240 1167 excdlnn·

206 1195 247 1256 30
256 1196 319 1253 tur.
356 1187 429 1251 Hae
445 1198 534 1252 certo
550 1187 630 1252 anni
645 1197 796 1272 tempore
808 1187 993 1253 balsamum
1009 1187 1139 1252 sudant.
1173 1187 1239 1252 Sed

256 1294 322 1337 non
344 1274 452 1336 minor
473 1272 537 1336 loci
560 1274 631 1359 ejus
652 1273 854 1356 apricitatis,
881 1295 981 1358 quam
1002 1273 1163 1337 ubertatis
1184 1272 1239 1335 ad-

258 1357 386 1420 miratio
409 1367 471 1440 est3
493 1358 616 1444 qnippe
632 1379 734 1443 quum
754 1367 822 1420 toto
844 1357 923 1421 orbe
942 1358 1090 1442 regionis
1105 1358 1177 1443 ejus
1191 1380 1239 1420 ar-

257 1441 468 1506 dentissimus
483 1443 532 1506 sol
548 1447 600 1523 sit,
616 1442 664 1506 ibi
679 1443 782 1526 tepidi
799 1443 884 1505 aeris
899 1443 1059 1506 naturalis
1076 1442 1237 1528 quaedam

256 1537 475 1614 acperpetua
495 1529 639 1614 opacitas
659 1529 753 1593 inest.
798 1527 839 1591 In
854 1549 894 1590 ea
912 1529 1049 1612 regione
1068 1527 1163 1591 lacus
1181 1537 1238 1604 est,

257 1613 316 1700 qui
340 1621 475 1698 propter
496 1612 759 1697 magnitudinem
787 1622 819 1676 et
843 1634 949 1698 aquae
974 1613 1238 1678 immobilitatem

257 1705 410 1762 rilortuum
431 1720 516 1762 more
538 1697 667 1764 dicitur.
712 1697 798 1761 Nam
818 1719 928 1783 neque
947 1699 1056 1764 ventis
1077 1707 1238 1775 movetur,

256 1784 428 1848 resistente
449 1783 637 1848 turbinibus
657 1783 834 1863 bitumine,
857 1803 923 1868 quo
946 1803 1033 1869 aqna
1053 1785 1163 1846 omnis
1177 1792 1238 1846 sta-

257 1879 396 1953 gnaturp
404 1869 742 1955 nequcnavigationis
749 1870 879 1954 patiens
889 1877 947 1948 est,
959 1869 1117 1953 quoniam
1129 1869 1238 1932 omnia

256 1955 325 2018 vita
340 1955 487 2018 carentia
500 1956 536 2018 in
552 1953 752 2038 profundum
769 1963 973 2037 merguntur,
988 1974 1052 2016 nec
1066 1953 1239 2017 materiam
1318 1991 1319 1994 =

256 2038 359 2103 ullam
376 2040 524 2120 sustinet,
540 2039 605 2103 nisi
621 2061 706 2125 quae
721 2037 868 2102 alumine
883 2037 1040 2104 illinatur.
1318 2049 1319 2058 ¹

206 2135 244 2192 31
320 2122 469 2188 Primum
485 2124 629 2202 Xerxes,
651 2145 711 2187 rex
724 2123 918 2203 Persarum,
933 2122 1080 2188 Judaeos
1096 2122 1238 2201 domnit3
1318 2135 1319 2140 ’

256 2218 370 2295 postea
385 2230 460 2272 cum
476 2210 557 2294 ipsis
573 2209 683 2274 Persis
698 2210 734 2271 in
751 2207 915 2272 dicionem
926 2207 1112 2274 Alexandri
1123 2208 1240 2291 Magni

258 2315 377 2359 venere
401 2294 525 2380 diuque
547 2293 685 2380 subjecti
708 2293 826 2378 Syriae
847 2315 950 2376 regno
973 2293 1075 2358 fuere.
1102 2295 1153 2356 ·Α
1174 2295 1240 2356 De-

257 2381 372 2445 metrio
384 2401 486 2466 quum
500 2379 725 2459 descivissent,
738 2379 1114 2442 amicitiaRomanorum
1125 2379 1241 2463 petita,
1318 2375 1319 2390 ¹

279 2467 355 2530 rimi
370 2466 518 2530 omnium
532 2486 576 2528 ex
588 2463 815 2530 Orientalibus
831 2463 1015 2528 libertatern
1030 2473 1241 2548 receperunt,
1318 2507 1319 2554 2

255 2487 352 2616 Facile
368 2561 448 2614 tunc
462 2550 620 2614 Romanis
636 2548 678 2612 de
694 2547 801 2612 alieno
818 2548 1045 2633 largientibus.

576 2856 722 2954 11111111
746 2855 917 2930 xxxvi.

614 2980 875 3053 Mithridates.

685 3128 761 3181 CAP.
778 3129 801 3180 1.
821 3139 824 3145 ·

391 3216 467 3271 Post
482 3214 581 3270 Attali
597 3213 723 3269 mortam
741 3212 814 3268 Asia
835 3211 872 3267 nt
888 3210 1098 3267 Romnornms

226 3333 243 3386 1
319 3322 383 3385 Per
397 3318 512 3384 eadem
528 3328 685 3403 tempora,
702 3315 823 3402 quibus
834 3314 867 3378 in
881 3315 979 3401 Syria
989 3315 1085 3398 regni
1095 3319 1239 3380 mutatio
1318 3355 1319 3358 =

254 3410 342 3470 inter
362 3427 466 3468 novos
486 3425 582 3487 reges
605 3402 846 3480 alternabatur,
866 3403 903 3464 in
923 3400 1006 3464 Asia
1025 3421 1087 3464 rex
1104 3401 1239 3466 Attalus

254 3492 522 3556 florentissimum
544 3489 586 3562 ab
600 3487 751 3551 Eumene
770 3495 888 3570 patruo
908 3495 1079 3568 acceptum
1093 3507 1237 3570 regnum
1318 3503 1319 3566 j

255 3574 413 3639 caedibus
425 3576 605 3637 amicorum
617 3581 650 3635 et
660 3582 877 3655 cognatorum
887 3569 1060 3655 suppliciis
1070 3570 1236 3652 foedabat,
1318 3625 1319 3646 ,
