<?xml version="1.0" encoding="UTF-8"?>
<!DOCTYPE html PUBLIC "-//W3C//DTD XHTML 1.0 Transitional//EN"
    "http://www.w3.org/TR/xhtml1/DTD/xhtml1-transitional.dtd">
<html xmlns="http://www.w3.org/1999/xhtml" xml:lang="en" lang="en">
 <head>
  <title>
</title>
<meta http-equiv="Content-Type" content="text/html;charset=utf-8" />
  <meta name='ocr-system' content='tesseract 3.04.00' />
  <meta name='ocr-capabilities' content='ocr_page ocr_carea ocr_par ocr_line ocrx_word'/>
</head>
<body>
  <div class='ocr_page' id='page_1' title='image "./historiarumlibr00eitngoog_0010.png"; bbox 0 0 2658 4244; ppageno 0'>
   <div class='ocr_carea' id='block_1_1' title="bbox 423 761 754 858">
    <p class='ocr_par' dir='ltr' id='par_1_1' title="bbox 423 761 754 858">
     <span class='ocr_line' id='line_1_1' title="bbox 423 761 754 858; baseline 0 0"><span class='ocrx_word' id='word_1_1' title='bbox 423 761 754 858; x_wconf 84' lang='lat' dir='ltr'>POPULORUM</span> 
     </span>
    </p>
   </div>
   <div class='ocr_carea' id='block_1_2' title="bbox 362 1221 812 1439">
    <p class='ocr_par' dir='ltr' id='par_1_2' title="bbox 362 1221 812 1439">
     <span class='ocr_line' id='line_1_2' title="bbox 488 1221 689 1298; baseline 0 -2"><span class='ocrx_word' id='word_1_2' title='bbox 488 1223 635 1298; x_wconf 80' lang='lat' dir='ltr'>LIBER</span> <span class='ocrx_word' id='word_1_3' title='bbox 661 1221 689 1297; x_wconf 94' lang='lat' dir='ltr'><strong>I.</strong></span> 
     </span>
     <span class='ocr_line' id='line_1_3' title="bbox 362 1347 812 1439; baseline 0.004 -22"><span class='ocrx_word' id='word_1_4' title='bbox 362 1347 617 1435; x_wconf 79' lang='lat' dir='ltr'>Assyriorum</span> <span class='ocrx_word' id='word_1_5' title='bbox 638 1367 812 1439; x_wconf 83' lang='lat' dir='ltr'><strong>regnum.</strong></span> 
     </span>
    </p>
   </div>
   <div class='ocr_carea' id='block_1_3' title="bbox 500 1497 671 1634">
    <p class='ocr_par' dir='ltr' id='par_1_3' title="bbox 500 1497 671 1634">
     <span class='ocr_line' id='line_1_4' title="bbox 531 1497 647 1550; baseline -0.009 -2"><span class='ocrx_word' id='word_1_6' title='bbox 531 1497 647 1550; x_wconf 71' lang='lat' dir='ltr'>CARI.</span> 
     </span>
     <span class='ocr_line' id='line_1_5' title="bbox 500 1579 671 1634; baseline 0 0"><span class='ocrx_word' id='word_1_7' title='bbox 500 1579 671 1634; x_wconf 79' lang='lat' dir='ltr'><strong>Nlnns.</strong></span> 
     </span>
    </p>
   </div>
   <div class='ocr_carea' id='block_1_4' title="bbox 28 1681 1267 3710">
    <p class='ocr_par' dir='ltr' id='par_1_4' title="bbox 28 1681 1267 3471">
     <span class='ocr_line' id='line_1_6' title="bbox 157 1681 1100 1770; baseline 0.002 -24"><span class='ocrx_word' id='word_1_8' title='bbox 157 1681 329 1766; x_wconf 83' lang='lat' dir='ltr'><strong>Principio</strong></span> <span class='ocrx_word' id='word_1_9' title='bbox 349 1705 459 1746; x_wconf 91' lang='lat' dir='ltr'><strong>rerum</strong></span> <span class='ocrx_word' id='word_1_10' title='bbox 482 1683 630 1766; x_wconf 80' lang='lat' dir='ltr'><strong>gentium</strong></span> <span class='ocrx_word' id='word_1_11' title='bbox 644 1684 885 1768; x_wconf 81' lang='lat' dir='ltr'><strong>nationumque</strong></span> <span class='ocrx_word' id='word_1_12' title='bbox 899 1684 1100 1770; x_wconf 87' lang='lat' dir='ltr'><strong>imperiuml</strong></span> 
     </span>
     <span class='ocr_line' id='line_1_7' title="bbox 94 1767 1073 1854; baseline 0.002 -24"><span class='ocrx_word' id='word_1_13' title='bbox 94 1789 195 1850; x_wconf 86' lang='lat' dir='ltr'><strong>penes</strong></span> <span class='ocrx_word' id='word_1_14' title='bbox 214 1777 411 1852; x_wconf 83' lang='lat' dir='ltr'><strong>regeserat.</strong></span> <span class='ocrx_word' id='word_1_15' title='bbox 451 1767 599 1854; x_wconf 89' lang='lat' dir='ltr'><strong>Populus</strong></span> <span class='ocrx_word' id='word_1_16' title='bbox 622 1767 723 1836; x_wconf 88' lang='lat' dir='ltr'><strong>nuliis</strong></span> <span class='ocrx_word' id='word_1_17' title='bbox 740 1768 870 1853; x_wconf 87' lang='lat' dir='ltr'><strong>legibus</strong></span> <span class='ocrx_word' id='word_1_18' title='bbox 885 1770 1073 1853; x_wconf 83' lang='lat' dir='ltr'><strong>tenebatur3</strong></span> 
     </span>
     <span class='ocr_line' id='line_1_8' title="bbox 95 1852 1074 1940; baseline 0.003 -25"><span class='ocrx_word' id='word_1_19' title='bbox 95 1852 230 1916; x_wconf 86' lang='lat' dir='ltr'><strong>arbitria</strong></span> <span class='ocrx_word' id='word_1_20' title='bbox 244 1853 434 1938; x_wconf 82' lang='lat' dir='ltr'><strong>principum</strong></span> <span class='ocrx_word' id='word_1_21' title='bbox 449 1875 509 1939; x_wconf 92' lang='lat' dir='ltr'><strong>pro</strong></span> <span class='ocrx_word' id='word_1_22' title='bbox 525 1853 655 1937; x_wconf 87' lang='lat' dir='ltr'><strong>legibus</strong></span> <span class='ocrx_word' id='word_1_23' title='bbox 676 1859 778 1916; x_wconf 84' lang='lat' dir='ltr'><strong>erant.</strong></span> <span class='ocrx_word' id='word_1_24' title='bbox 818 1854 919 1917; x_wconf 84' lang='lat' dir='ltr'><strong>Fines</strong></span> <span class='ocrx_word' id='word_1_25' title='bbox 943 1855 1074 1940; x_wconf 87' lang='lat' dir='ltr'><strong>imperii</strong></span> 
     </span>
     <span class='ocr_line' id='line_1_9' title="bbox 94 1938 1102 2024; baseline 0.005 -25"><span class='ocrx_word' id='word_1_26' title='bbox 94 1938 179 2000; x_wconf 89' lang='lat' dir='ltr'><strong>tueri</strong></span> <span class='ocrx_word' id='word_1_27' title='bbox 194 1939 308 2022; x_wconf 87' lang='lat' dir='ltr'><strong>magis,</strong></span> <span class='ocrx_word' id='word_1_28' title='bbox 326 1959 426 2024; x_wconf 86' lang='lat' dir='ltr'><strong>quam</strong></span> <span class='ocrx_word' id='word_1_29' title='bbox 437 1939 583 2024; x_wconf 83' lang='lat' dir='ltr'><strong>proferre</strong></span> <span class='ocrx_word' id='word_1_30' title='bbox 593 1959 664 2001; x_wconf 93' lang='lat' dir='ltr'><strong>mos</strong></span> <span class='ocrx_word' id='word_1_31' title='bbox 676 1945 755 2000; x_wconf 82' lang='lat' dir='ltr'><strong>erat.</strong></span> <span class='ocrx_word' id='word_1_32' title='bbox 780 1938 913 2004; x_wconf 87' lang='lat' dir='ltr'><strong>Primus</strong></span> <span class='ocrx_word' id='word_1_33' title='bbox 926 1941 1102 2004; x_wconf 79' lang='lat' dir='ltr'><strong>omnium2</strong></span> 
     </span>
     <span class='ocr_line' id='line_1_10' title="bbox 94 2023 1267 2108; baseline 0.005 -24"><span class='ocrx_word' id='word_1_34' title='bbox 94 2023 210 2103; x_wconf 83' lang='lat' dir='ltr'><strong>Ninus,</strong></span> <span class='ocrx_word' id='word_1_35' title='bbox 225 2045 285 2086; x_wconf 86' lang='lat' dir='ltr'><strong>rex</strong></span> <span class='ocrx_word' id='word_1_36' title='bbox 297 2023 524 2108; x_wconf 81' lang='lat' dir='ltr'><strong>Assyriorum,</strong></span> <span class='ocrx_word' id='word_1_37' title='bbox 539 2033 685 2086; x_wconf 86' lang='lat' dir='ltr'><strong>veterem</strong></span> <span class='ocrx_word' id='word_1_38' title='bbox 701 2031 733 2086; x_wconf 91' lang='lat' dir='ltr'><strong>et</strong></span> <span class='ocrx_word' id='word_1_39' title='bbox 749 2024 844 2108; x_wconf 89' lang='lat' dir='ltr'><strong>quasi</strong></span> <span class='ocrx_word' id='word_1_40' title='bbox 858 2024 983 2088; x_wconf 84' lang='lat' dir='ltr'><strong>avitum</strong></span> <span class='ocrx_word' id='word_1_41' title='bbox 1019 2048 1073 2090; x_wconf 90' lang='lat' dir='ltr'><strong>eu·</strong></span> <span class='ocrx_word' id='word_1_42' title='bbox 1133 2031 1267 2094; x_wconf 67' lang='lat' dir='ltr'><strong>amca.</strong></span> 
     </span>
     <span class='ocr_line' id='line_1_11' title="bbox 94 2107 1074 2194; baseline 0.004 -24"><span class='ocrx_word' id='word_1_43' title='bbox 94 2109 176 2170; x_wconf 90' lang='lat' dir='ltr'><strong>tium</strong></span> <span class='ocrx_word' id='word_1_44' title='bbox 199 2129 322 2172; x_wconf 90' lang='lat' dir='ltr'><strong>morem</strong></span> <span class='ocrx_word' id='word_1_45' title='bbox 347 2129 435 2172; x_wconf 84' lang='lat' dir='ltr'><strong>nova</strong></span> <span class='ocrx_word' id='word_1_46' title='bbox 459 2108 591 2192; x_wconf 91' lang='lat' dir='ltr'><strong>imperii</strong></span> <span class='ocrx_word' id='word_1_47' title='bbox 613 2107 799 2194; x_wconf 84' lang='lat' dir='ltr'><strong>cupiditate</strong></span> <span class='ocrx_word' id='word_1_48' title='bbox 815 2110 963 2173; x_wconf 83' lang='lat' dir='ltr'><strong>mutavit.</strong></span> <span class='ocrx_word' id='word_1_49' title='bbox 1045 2112 1074 2174; x_wconf 89' lang='lat' dir='ltr'><strong>&#39;c</strong></span> 
     </span>
     <span class='ocr_line' id='line_1_12' title="bbox 92 2192 1073 2278; baseline 0.004 -22"><span class='ocrx_word' id='word_1_50' title='bbox 92 2194 219 2278; x_wconf 86' lang='lat' dir='ltr'><strong>primus</strong></span> <span class='ocrx_word' id='word_1_51' title='bbox 238 2193 352 2258; x_wconf 89' lang='lat' dir='ltr'><strong>intulit</strong></span> <span class='ocrx_word' id='word_1_52' title='bbox 372 2192 462 2257; x_wconf 86' lang='lat' dir='ltr'><strong>bella</strong></span> <span class='ocrx_word' id='word_1_53' title='bbox 476 2193 640 2273; x_wconf 87' lang='lat' dir='ltr'><strong>finitimis,</strong></span> <span class='ocrx_word' id='word_1_54' title='bbox 664 2201 696 2256; x_wconf 90' lang='lat' dir='ltr'><strong>et</strong></span> <span class='ocrx_word' id='word_1_55' title='bbox 714 2193 818 2260; x_wconf 74' lang='lat' dir='ltr'><strong>‘rudes</strong></span> <span class='ocrx_word' id='word_1_56' title='bbox 834 2193 944 2259; x_wconf 85' lang='lat' dir='ltr'><strong>adhuc</strong></span> <span class='ocrx_word' id='word_1_57' title='bbox 963 2195 1005 2257; x_wconf 84' lang='lat' dir='ltr'><strong>ad</strong></span> <span class='ocrx_word' id='word_1_58' title='bbox 1024 2218 1073 2260; x_wconf 91' lang='lat' dir='ltr'><strong>re-</strong></span> 
     </span>
     <span class='ocr_line' id='line_1_13' title="bbox 94 2278 1071 2364; baseline 0.007 -25"><span class='ocrx_word' id='word_1_59' title='bbox 94 2279 276 2342; x_wconf 86' lang='lat' dir='ltr'><strong>sistendum</strong></span> <span class='ocrx_word' id='word_1_60' title='bbox 315 2278 604 2364; x_wconf 79' lang='lat' dir='ltr'><strong>opulosterminos</strong></span> <span class='ocrx_word' id='word_1_61' title='bbox 620 2300 726 2364; x_wconf 90' lang='lat' dir='ltr'><strong>usque</strong></span> <span class='ocrx_word' id='word_1_62' title='bbox 736 2279 863 2364; x_wconf 81' lang='lat' dir='ltr'>Libyae</span> <span class='ocrx_word' id='word_1_63' title='bbox 875 2279 1071 2364; x_wconf 78' lang='lat' dir='ltr'><strong>perdomuit,</strong></span> 
     </span>
     <span class='ocr_line' id='line_1_14' title="bbox 94 2301 1101 2451; baseline 0.003 -25"><span class='ocrx_word' id='word_1_64' title='bbox 94 2363 200 2449; x_wconf 74' lang='lat' dir='ltr'><strong>Fuere</strong></span> <span class='ocrx_word' id='word_1_65' title='bbox 223 2301 357 2450; x_wconf 67' lang='lat' dir='ltr'><strong>quitiam</strong></span> <span class='ocrx_word' id='word_1_66' title='bbox 381 2365 583 2450; x_wconf 81' lang='lat' dir='ltr'><strong>antiquiores</strong></span> <span class='ocrx_word' id='word_1_67' title='bbox 601 2363 757 2427; x_wconf 80' lang='lat' dir='ltr'><strong>Sesostris</strong></span> <span class='ocrx_word' id='word_1_68' title='bbox 772 2364 918 2451; x_wconf 80' lang='lat' dir='ltr'><strong>Aegypti</strong></span> <span class='ocrx_word' id='word_1_69' title='bbox 942 2374 973 2428; x_wconf 89' lang='lat' dir='ltr'><strong>et</strong></span> <span class='ocrx_word' id='word_1_70' title='bbox 994 2365 1101 2450; x_wconf 82' lang='lat' dir='ltr'><strong>Sey-3</strong></span> 
     </span>
     <span class='ocr_line' id='line_1_15' title="bbox 92 2447 1072 2534; baseline 0.003 -23"><span class='ocrx_word' id='word_1_71' title='bbox 92 2447 181 2512; x_wconf 87' lang='lat' dir='ltr'><strong>thiae</strong></span> <span class='ocrx_word' id='word_1_72' title='bbox 196 2470 258 2512; x_wconf 86' lang='lat' dir='ltr'><strong>rex</strong></span> <span class='ocrx_word' id='word_1_73' title='bbox 274 2449 423 2528; x_wconf 80' lang='lat' dir='ltr'><strong>Tannus,</strong></span> <span class='ocrx_word' id='word_1_74' title='bbox 447 2469 589 2534; x_wconf 89' lang='lat' dir='ltr'><strong>quorum</strong></span> <span class='ocrx_word' id='word_1_75' title='bbox 605 2448 688 2512; x_wconf 86' lang='lat' dir='ltr'><strong>alter</strong></span> <span class='ocrx_word' id='word_1_76' title='bbox 702 2449 738 2513; x_wconf 91' lang='lat' dir='ltr'><strong>in</strong></span> <span class='ocrx_word' id='word_1_77' title='bbox 753 2447 907 2522; x_wconf 77' lang='lat' dir='ltr'><strong>Pontum,</strong></span> <span class='ocrx_word' id='word_1_78' title='bbox 923 2450 1005 2514; x_wconf 85' lang='lat' dir='ltr'><strong>alter</strong></span> <span class='ocrx_word' id='word_1_79' title='bbox 1019 2473 1072 2514; x_wconf 90' lang='lat' dir='ltr'><strong>us-</strong></span> 
     </span>
     <span class='ocr_line' id='line_1_16' title="bbox 91 2531 1072 2620; baseline 0 -22"><span class='ocrx_word' id='word_1_80' title='bbox 91 2555 156 2618; x_wconf 91' lang='lat' dir='ltr'><strong>que</strong></span> <span class='ocrx_word' id='word_1_81' title='bbox 171 2535 207 2598; x_wconf 91' lang='lat' dir='ltr'><strong>in</strong></span> <span class='ocrx_word' id='word_1_82' title='bbox 222 2536 414 2620; x_wconf 78' lang='lat' dir='ltr'><strong>Aegyptum</strong></span> <span class='ocrx_word' id='word_1_83' title='bbox 430 2535 581 2598; x_wconf 85' lang='lat' dir='ltr'><strong>excessit</strong></span> <span class='ocrx_word' id='word_1_84' title='bbox 618 2531 685 2598; x_wconf 81' lang='lat' dir='ltr'><strong>Sed</strong></span> <span class='ocrx_word' id='word_1_85' title='bbox 699 2533 901 2620; x_wconf 87' lang='lat' dir='ltr'><strong>longinqua,</strong></span> <span class='ocrx_word' id='word_1_86' title='bbox 917 2556 984 2598; x_wconf 90' lang='lat' dir='ltr'><strong>nou</strong></span> <span class='ocrx_word' id='word_1_87' title='bbox 999 2534 1072 2598; x_wconf 88' lang='lat' dir='ltr'><strong>fini-</strong></span> 
     </span>
     <span class='ocr_line' id='line_1_17' title="bbox 90 2619 1072 2706; baseline 0.005 -26"><span class='ocrx_word' id='word_1_88' title='bbox 90 2620 172 2681; x_wconf 85' lang='lat' dir='ltr'><strong>tima</strong></span> <span class='ocrx_word' id='word_1_89' title='bbox 186 2619 276 2682; x_wconf 86' lang='lat' dir='ltr'><strong>bella</strong></span> <span class='ocrx_word' id='word_1_90' title='bbox 291 2619 462 2704; x_wconf 83' lang='lat' dir='ltr'><strong>gerebant,</strong></span> <span class='ocrx_word' id='word_1_91' title='bbox 481 2641 544 2682; x_wconf 91' lang='lat' dir='ltr'><strong>nec</strong></span> <span class='ocrx_word' id='word_1_92' title='bbox 567 2619 743 2702; x_wconf 89' lang='lat' dir='ltr'><strong>imperium</strong></span> <span class='ocrx_word' id='word_1_93' title='bbox 764 2619 842 2698; x_wconf 87' lang='lat' dir='ltr'><strong>sibi,</strong></span> <span class='ocrx_word' id='word_1_94' title='bbox 865 2619 924 2685; x_wconf 89' lang='lat' dir='ltr'><strong>sed</strong></span> <span class='ocrx_word' id='word_1_95' title='bbox 932 2620 1072 2706; x_wconf 62' lang='lat' dir='ltr'><strong>vpopulis</strong></span> 
     </span>
     <span class='ocr_line' id='line_1_18' title="bbox 91 2702 1071 2792; baseline 0.006 -27"><span class='ocrx_word' id='word_1_96' title='bbox 91 2704 161 2766; x_wconf 88' lang='lat' dir='ltr'><strong>suis</strong></span> <span class='ocrx_word' id='word_1_97' title='bbox 177 2702 316 2786; x_wconf 85' lang='lat' dir='ltr'><strong>gloriam</strong></span> <span class='ocrx_word' id='word_1_98' title='bbox 355 2703 543 2784; x_wconf 82' lang='lat' dir='ltr'><strong>onerabant,</strong></span> <span class='ocrx_word' id='word_1_99' title='bbox 560 2705 772 2789; x_wconf 84' lang='lat' dir='ltr'><strong>contentique</strong></span> <span class='ocrx_word' id='word_1_100' title='bbox 783 2706 920 2769; x_wconf 87' lang='lat' dir='ltr'><strong>victoria</strong></span> <span class='ocrx_word' id='word_1_101' title='bbox 931 2706 1071 2792; x_wconf 88' lang='lat' dir='ltr'><strong>imperio</strong></span> 
     </span>
     <span class='ocr_line' id='line_1_19' title="bbox 90 2787 1099 2877; baseline 0.005 -27"><span class='ocrx_word' id='word_1_102' title='bbox 90 2787 311 2853; x_wconf 77' lang='lat' dir='ltr'><strong>abstinebant</strong></span> <span class='ocrx_word' id='word_1_103' title='bbox 372 2791 447 2854; x_wconf 90' lang='lat' dir='ltr'><strong>inus</strong></span> <span class='ocrx_word' id='word_1_104' title='bbox 463 2789 730 2874; x_wconf 86' lang='lat' dir='ltr'><strong>magnitudinem</strong></span> <span class='ocrx_word' id='word_1_105' title='bbox 745 2791 912 2877; x_wconf 87' lang='lat' dir='ltr'><strong>quaesitae</strong></span> <span class='ocrx_word' id='word_1_106' title='bbox 925 2791 1099 2856; x_wconf 81' lang='lat' dir='ltr'><strong>domina-4</strong></span> 
     </span>
     <span class='ocr_line' id='line_1_20' title="bbox 89 2874 1071 2961; baseline 0.005 -25"><span class='ocrx_word' id='word_1_107' title='bbox 89 2874 190 2937; x_wconf 90' lang='lat' dir='ltr'><strong>tionis</strong></span> <span class='ocrx_word' id='word_1_108' title='bbox 210 2877 368 2938; x_wconf 86' lang='lat' dir='ltr'><strong>continua</strong></span> <span class='ocrx_word' id='word_1_109' title='bbox 382 2875 589 2960; x_wconf 81' lang='lat' dir='ltr'><strong>possessione</strong></span> <span class='ocrx_word' id='word_1_110' title='bbox 608 2875 759 2940; x_wconf 86' lang='lat' dir='ltr'><strong>firmavit.</strong></span> <span class='ocrx_word' id='word_1_111' title='bbox 803 2876 946 2940; x_wconf 87' lang='lat' dir='ltr'><strong>Domitis</strong></span> <span class='ocrx_word' id='word_1_112' title='bbox 967 2878 1071 2961; x_wconf 86' lang='lat' dir='ltr'><strong>igitur</strong></span> 
     </span>
     <span class='ocr_line' id='line_1_21' title="bbox 89 2960 1069 3046; baseline 0.005 -25"><span class='ocrx_word' id='word_1_113' title='bbox 89 2960 267 3041; x_wconf 83' lang='lat' dir='ltr'><strong>proximis,</strong></span> <span class='ocrx_word' id='word_1_114' title='bbox 298 2983 400 3046; x_wconf 92' lang='lat' dir='ltr'><strong>quum</strong></span> <span class='ocrx_word' id='word_1_115' title='bbox 426 2961 612 3024; x_wconf 85' lang='lat' dir='ltr'><strong>accessione</strong></span> <span class='ocrx_word' id='word_1_116' title='bbox 637 2961 757 3024; x_wconf 90' lang='lat' dir='ltr'><strong>virium</strong></span> <span class='ocrx_word' id='word_1_117' title='bbox 783 2961 898 3025; x_wconf 82' lang='lat' dir='ltr'><strong>fortior</strong></span> <span class='ocrx_word' id='word_1_118' title='bbox 920 2961 963 3026; x_wconf 89' lang='lat' dir='ltr'><strong>ad</strong></span> <span class='ocrx_word' id='word_1_119' title='bbox 988 2961 1069 3026; x_wconf 85' lang='lat' dir='ltr'><strong>alios</strong></span> 
     </span>
     <span class='ocr_line' id='line_1_22' title="bbox 90 3045 1069 3132; baseline 0.005 -27"><span class='ocrx_word' id='word_1_120' title='bbox 90 3045 259 3125; x_wconf 82' lang='lat' dir='ltr'><strong>transiret,</strong></span> <span class='ocrx_word' id='word_1_121' title='bbox 282 3054 313 3108; x_wconf 89' lang='lat' dir='ltr'><strong>et</strong></span> <span class='ocrx_word' id='word_1_122' title='bbox 327 3046 480 3132; x_wconf 87' lang='lat' dir='ltr'><strong>proxima</strong></span> <span class='ocrx_word' id='word_1_123' title='bbox 517 3067 647 3132; x_wconf 87' lang='lat' dir='ltr'><strong>uaeque</strong></span> <span class='ocrx_word' id='word_1_124' title='bbox 661 3046 801 3110; x_wconf 81' lang='lat' dir='ltr'><strong>victoria</strong></span> <span class='ocrx_word' id='word_1_125' title='bbox 811 3047 1069 3110; x_wconf 90' lang='lat' dir='ltr'><strong>instrumentum</strong></span> 
     </span>
     <span class='ocr_line' id='line_1_23' title="bbox 89 3068 1097 3218; baseline 0.007 -27"><span class='ocrx_word' id='word_1_126' title='bbox 89 3129 260 3214; x_wconf 86' lang='lat' dir='ltr'><strong>sequentis</strong></span> <span class='ocrx_word' id='word_1_127' title='bbox 276 3140 369 3211; x_wconf 88' lang='lat' dir='ltr'><strong>essct,</strong></span> <span class='ocrx_word' id='word_1_128' title='bbox 383 3133 483 3194; x_wconf 91' lang='lat' dir='ltr'><strong>totius</strong></span> <span class='ocrx_word' id='word_1_129' title='bbox 496 3068 641 3196; x_wconf 69' lang='lat' dir='ltr'><strong>ituenda</strong></span> <span class='ocrx_word' id='word_1_130' title='bbox 656 3131 796 3218; x_wconf 91' lang='lat' dir='ltr'><strong>populos</strong></span> <span class='ocrx_word' id='word_1_131' title='bbox 811 3133 953 3215; x_wconf 87' lang='lat' dir='ltr'><strong>subegit.</strong></span> <span class='ocrx_word' id='word_1_132' title='bbox 979 3131 1097 3198; x_wconf 84' lang='lat' dir='ltr'><strong>Post-5</strong></span> 
     </span>
     <span class='ocr_line' id='line_1_24' title="bbox 88 3215 1069 3300; baseline 0.005 -25"><span class='ocrx_word' id='word_1_133' title='bbox 88 3235 219 3278; x_wconf 88' lang='lat' dir='ltr'><strong>remum</strong></span> <span class='ocrx_word' id='word_1_134' title='bbox 242 3215 294 3279; x_wconf 90' lang='lat' dir='ltr'><strong>illi</strong></span> <span class='ocrx_word' id='word_1_135' title='bbox 312 3215 436 3280; x_wconf 89' lang='lat' dir='ltr'><strong>bellum</strong></span> <span class='ocrx_word' id='word_1_136' title='bbox 462 3239 537 3280; x_wconf 89' lang='lat' dir='ltr'><strong>eum</strong></span> <span class='ocrx_word' id='word_1_137' title='bbox 559 3215 746 3297; x_wconf 87' lang='lat' dir='ltr'><strong>Zoroastre,</strong></span> <span class='ocrx_word' id='word_1_138' title='bbox 775 3236 854 3300; x_wconf 86' lang='lat' dir='ltr'><strong>rege</strong></span> <span class='ocrx_word' id='word_1_139' title='bbox 879 3217 1069 3280; x_wconf 86' lang='lat' dir='ltr'><strong>Bactriano-</strong></span> 
     </span>
     <span class='ocr_line' id='line_1_25' title="bbox 28 3299 1069 3386; baseline 0.006 -26"><span class='ocrx_word' id='word_1_140' title='bbox 28 3353 29 3360; x_wconf 72' lang='grc'>,</span> <span class='ocrx_word' id='word_1_141' title='bbox 87 3321 175 3378; x_wconf 88' lang='lat' dir='ltr'><strong>rum,</strong></span> <span class='ocrx_word' id='word_1_142' title='bbox 191 3299 268 3381; x_wconf 89' lang='lat' dir='ltr'><strong>fuit,</strong></span> <span class='ocrx_word' id='word_1_143' title='bbox 292 3302 350 3386; x_wconf 92' lang='lat' dir='ltr'><strong>qui</strong></span> <span class='ocrx_word' id='word_1_144' title='bbox 365 3301 492 3386; x_wconf 86' lang='lat' dir='ltr'><strong>primus</strong></span> <span class='ocrx_word' id='word_1_145' title='bbox 509 3299 629 3365; x_wconf 89' lang='lat' dir='ltr'><strong>dicitur</strong></span> <span class='ocrx_word' id='word_1_146' title='bbox 644 3311 729 3366; x_wconf 89' lang='lat' dir='ltr'><strong>artes</strong></span> <span class='ocrx_word' id='word_1_147' title='bbox 741 3303 887 3385; x_wconf 85' lang='lat' dir='ltr'><strong>magicas</strong></span> <span class='ocrx_word' id='word_1_148' title='bbox 903 3303 1069 3366; x_wconf 78' lang='lat' dir='ltr'><strong>invenisse</strong></span> 
     </span>
     <span class='ocr_line' id='line_1_26' title="bbox 28 3384 1069 3471; baseline 0.005 -24"><span class='ocrx_word' id='word_1_149' title='bbox 28 3459 29 3466; x_wconf 8' lang='grc' dir='ltr'>ἵ</span> <span class='ocrx_word' id='word_1_150' title='bbox 87 3393 121 3448; x_wconf 86' lang='lat' dir='ltr'><strong>et</strong></span> <span class='ocrx_word' id='word_1_151' title='bbox 141 3384 286 3449; x_wconf 89' lang='lat' dir='ltr'><strong>siderum</strong></span> <span class='ocrx_word' id='word_1_152' title='bbox 306 3395 414 3450; x_wconf 87' lang='lat' dir='ltr'><strong>motus</strong></span> <span class='ocrx_word' id='word_1_153' title='bbox 435 3386 687 3471; x_wconf 84' lang='lat' dir='ltr'><strong>diligentissime</strong></span> <span class='ocrx_word' id='word_1_154' title='bbox 709 3395 880 3471; x_wconf 88' lang='lat' dir='ltr'><strong>spectasse.</strong></span> <span class='ocrx_word' id='word_1_155' title='bbox 924 3387 996 3451; x_wconf 90' lang='lat' dir='ltr'><strong>Hoc</strong></span> <span class='ocrx_word' id='word_1_156' title='bbox 1018 3409 1069 3452; x_wconf 79' lang='lat' dir='ltr'><strong>oo</strong></span> 
     </span>
    </p>

    <p class='ocr_par' dir='ltr' id='par_1_5' title="bbox 28 3471 1068 3710">
     <span class='ocr_line' id='line_1_27' title="bbox 87 3471 1068 3557; baseline 0.005 -25"><span class='ocrx_word' id='word_1_157' title='bbox 87 3471 157 3534; x_wconf 86' lang='lat' dir='ltr'><strong>eiso</strong></span> <span class='ocrx_word' id='word_1_158' title='bbox 188 3480 220 3534; x_wconf 90' lang='lat' dir='ltr'><strong>et</strong></span> <span class='ocrx_word' id='word_1_159' title='bbox 246 3472 317 3557; x_wconf 88' lang='lat' dir='ltr'><strong>ipse</strong></span> <span class='ocrx_word' id='word_1_160' title='bbox 341 3471 501 3550; x_wconf 82' lang='lat' dir='ltr'><strong>decessit,</strong></span> <span class='ocrx_word' id='word_1_161' title='bbox 522 3471 637 3535; x_wconf 86' lang='lat' dir='ltr'><strong>relicto</strong></span> <span class='ocrx_word' id='word_1_162' title='bbox 664 3471 837 3555; x_wconf 90' lang='lat' dir='ltr'><strong>impubere</strong></span> <span class='ocrx_word' id='word_1_163' title='bbox 860 3471 970 3537; x_wconf 89' lang='lat' dir='ltr'><strong>adhuc</strong></span> <span class='ocrx_word' id='word_1_164' title='bbox 998 3471 1068 3537; x_wconf 90' lang='lat' dir='ltr'><strong>filio</strong></span> 
     </span>
     <span class='ocr_line' id='line_1_28' title="bbox 28 3555 1066 3641; baseline 0.005 -24"><span class='ocrx_word' id='word_1_165' title='bbox 28 3621 29 3640; x_wconf 18' lang='grc' dir='ltr'>ἦ</span> <span class='ocrx_word' id='word_1_166' title='bbox 86 3555 203 3641; x_wconf 84' lang='lat' dir='ltr'><strong>Niuya</strong></span> <span class='ocrx_word' id='word_1_167' title='bbox 218 3565 249 3620; x_wconf 90' lang='lat' dir='ltr'><strong>et</strong></span> <span class='ocrx_word' id='word_1_168' title='bbox 264 3579 367 3621; x_wconf 86' lang='lat' dir='ltr'><strong>uxore</strong></span> <span class='ocrx_word' id='word_1_169' title='bbox 382 3557 607 3622; x_wconf 81' lang='lat' dir='ltr'><strong>Semiramide.</strong></span> <span class='ocrx_word' id='word_1_170' title='bbox 1064 3595 1066 3600; x_wconf 95' lang='lat'>·</span> 
     </span>
     <span class='ocr_line' id='line_1_29' title="bbox 28 3643 911 3710; baseline 0.005 -4"><span class='ocrx_word' id='word_1_171' title='bbox 28 3643 29 3660; x_wconf 65' lang='lat'>¹</span> <span class='ocrx_word' id='word_1_172' title='bbox 896 3660 911 3710; x_wconf 88' lang='lat'>1</span> 
     </span>
    </p>
   </div>
   <div class='ocr_carea' id='block_1_5' title="bbox 0 0 1334 4244">
    <p class='ocr_par' dir='ltr' id='par_1_6' title="bbox 0 0 1334 4244">
     <span class='ocr_line' id='line_1_30' title="bbox 0 0 1334 4244; baseline 0 5"><span class='ocrx_word' id='word_1_173' title='bbox 0 0 1334 4244; x_wconf 95' lang='lat' dir='ltr'><strong> </strong></span> 
     </span>
    </p>
   </div>
  </div>
 </body>
</html>
