2658 4250
462 341 698 411 ..creuere
750 319 753 348 ¹
927 331 979 434 ζῗ
1035 311 1136 416 taes
1209 343 1260 398 .'

114 497 315 600 postremum
338 510 381 580 'ad
403 519 610 598 regnumtot
636 509 856 596 periculorum
882 504 1112 598 miserationes
1187 497 1191 506 ’
1232 499 1247 572 J

110 597 276 686 'pervenitv
320 593 468 662 Primum
490 597 636 660 omnium
660 615 762 683 quum
784 617 860 660 eum
882 596 1004 681 exponi
1020 597 1144 681 jus-16

110 686 210 749 'sisset
231 693 264 747 et
285 690 359 770 post
380 680 450 760 dies
473 681 662 768 aliquotad
684 699 803 766 corpus
825 681 966 768 expositi
985 681 1091 766 requi·
1112 739 1116 746 .

115 769 255 834 rendum
280 769 439 847 misisset,
466 767 620 844 inventus
646 777 697 838 est
721 768 813 830 vario
837 767 981 835 ferarum
1008 766 1092 831 laete
1256 775 1259 782 '
1321 761 1324 764 ’

115 856 269 918 nutritus.
315 852 446 920 Deinde
471 852 610 926 relatum
634 852 768 917 domum
790 853 919 916 tramite
942 860 1092 936 angusto,
1199 883 1202 890 ·

114 961 176 1041 per
198 960 295 1026 quem
319 945 466 1002 armenta
487 957 677 1011 commeare,
693 937 947 1018 consueverant,
975 933 1092 1024 projici
1178 969 1181 976 »
1247 977 1250 984 .

114 1025 227 1108 pubet3
244 1075 249 1084 .
265 1023 407 1088 crudelis
436 1043 591 1110 prorsus,
628 1025 685 1110 qui
712 1023 897 1110 proculcari
929 1032 1091 1110 nepotem,
1135 1051 1139 1062 =

117 1125 218 1197 quam
245 1109 389 1194 simplici
414 1119 517 1174 morte
546 1109 688 1191 interfici
712 1109 837 1174 maluit¹
882 1109 934 1173 lbi
961 1129 1093 1196 quoque

116 1217 220 1284 quum
242 1195 420 1274 inviolatup
441 1203 526 1280 esset
542 1213 610 1260 nec
625 1195 788 1259 alimentis
804 1205 930 1280 egeret,
954 1195 1093 1258 canibus
1125 1233 1129 1240 -

115 1283 224 1368 primo
242 1282 256 1368 j
274 1281 367 1368 juni:
390 1289 423 1344 et
444 1279 623 1344 multorum
637 1280 777 1366 dierum
804 1280 1002 1344 abstinentia
1022 1299 1094 1343 cru-

117 1367 231 1446 ciatis,
267 1387 353 1444 mox¹
379 1365 477 1430 etiam
505 1366 625 1430 suibus
661 1366 790 1452 objecit.
841 1363 957 1453 Itaque
992 1376 1147 1452 quaml?

117 1473 186 1516 non
205 1451 311 1516 solum
331 1473 399 1515 non
419 1451 611 1533 laniaretur,
631 1473 747 1516 verum
768 1453 865 1515 etiam
886 1451 1095 1538 quarundam
1162 1491 1166 1498 -

118 1537 276 1602 uberibus
290 1536 463 1618 aleretur,
491 1537 534 1602 ad
559 1536 712 1602 ultimum
738 1537 772 1600 in
800 1536 970 1602 Oceanum
997 1537 1095 1623 abjici

111 1623 223 1711 jussit.
265 1623 351 1686 Tum
374 1623 473 1708 plane
494 1623 664 1688 manifesto
686 1622 831 1710 quodam
852 1623 988 1686 numine
1010 1623 1096 1685 inter
1288 1701 1291 1708 Ι

116 1710 262 1772 furentes
286 1715 394 1772 aestus
417 1725 456 1772 ae
478 1707 545 1772 reci
570 1715 717 1780 recantes
740 1705 863 1788 undas,
886 1705 978 1772 velut
999 1723 1094 1788 nave,
1194 1783 1196 1789 ¹

117 1817 185 1858 non
207 1793 311 1856 fluctu
332 1793 524 1874 veheretur,
546 1731 567 1857 l

118 1902 180 1944 uec
207 1878 310 1942 multo
336 1887 410 1964 post
435 1899 534 1942 cerva
559 1878 674 1961 adfuit,
716 1899 800 1966 quae
827 1877 930 1942 ubera
955 1878 1095 1965 parvulo
1191 1897 1221 1912 ··

119 1964 258 2028 offerret.
294 1963 377 2028 Inde
392 1963 538 2050 denique
555 1967 803 2030 conversatione
820 1960 959 2028 nutricis
975 1963 1097 2028 eximia
1174 1959 1177 1967 ’

117 2072 222 2138 puero
242 2050 418 2136 pernicitas
438 2050 514 2131 fuir,
535 2049 688 2150 interque
709 2068 881 2114 cervorum
901 2069 1018 2136 greges
1039 2049 1097 2114 din

119 2144 247 2202 montes
264 2135 433 2222 saltusque
448 2134 539 2200 haud
553 2137 689 2200 infertor
702 2135 876 2200 velocitate
898 2137 1102 2222 peragravit
1195 2171 1198 2176 -

119 2221 176 2286 Ad
197 2230 398 2306 postremum
425 2221 543 2308 laqueo
570 2231 685 2308 captus
706 2223 779 2307 regi
806 2221 891 2286 dono
918 2219 1014 2286 datus
1039 2231 1096 2286 est.
1111 2230 1150 2308 le

120 2307 217 2371 Tunc
243 2315 275 2372 et
303 2307 578 2372 lineamentorum
607 2307 822 2372 similitudine
852 2317 885 2372 et
913 2309 1002 2372 netis
1030 2323 1097 2372 oo'r-
1178 2341 1181 2352 ι

120 2393 227 2481 poris,
251 2414 336 2479 quae
357 2393 486 2457 inustae
506 2390 645 2478 parvulo
667 2393 811 2474 fuerant,
836 2409 938 2478 nepos
954 2394 1100 2477 agnitus»
1143 2453 1147 2462 ,

121 2477 348 2542 Admiratione
369 2477 489 2543 deinde
514 2488 563 2542 tot
584 2498 721 2542 casuum
743 2477 1033 2565 periculorumque
1057 2477 1098 2542 ab
1196 2523 1202 2562 :

123 2562 237 2627 eodem
259 2585 429 2628 successor
453 2565 547 2648 regni
572 2563 764 2628 destinatur.
808 2564 937 2627 Nomen
964 2564 1014 2627 illi
1040 2561 1150 2628 im-ra
1215 2577 1219 2584 ’

565 1795 618 1858 eni
639 1793 708 1857 salo
728 1795 765 1856 in
786 1793 882 1858 litore
903 1793 1094 1879 exponitur,
1138 1837 1141 1844 ,
1256 1833 1259 1842 ,

99 2645 278 2736 'positum
295 2645 455 2732 Habidis3
491 2651 548 2736 qui
577 2658 614 2714 ut
643 2669 782 2736 regnum
812 2651 958 2736 aceepit,
989 2657 1099 2713 tantae
1178 2703 1180 2709 ,
1280 2694 1282 2696 ψ
1327 2615 1328 2622 l

122 2735 362 2820 magnitudinis
383 2733 460 2816 fuit,
483 2744 607 2799 utnon
629 2735 750 2800 frustra
773 2731 908 2800 deorum
929 2736 1099 2820 majestate

121 2827 175 2884 tot
197 2819 353 2904 periculis
382 2828 514 2905 ereptus
542 2819 731 2905 videretur3
769 2821 891 2910 quippe
920 2820 1099 2885 barbarum

122 2905 284 2991 populum
313 2904 442 2990 legibus
459 2907 602 2993 junxit,
638 2915 671 2971 et
700 2907 801 2972 boves
830 2908 956 2994 primus
991 2915 1099 2970 aratro
1184 2919 1188 2928 ’

123 2991 250 3055 domari
264 2992 495 3078 frumentaque
511 2992 602 3057 sulco
623 3013 781 3080 quaerere
796 2993 906 3058 docuit
921 3001 954 3056 et
973 2993 1101 3056 mitiore

124 3076 196 3141 cibo
224 3077 313 3141 vesei
343 3077 493 3143 homines
522 3079 642 3164 coegit.
689 3079 743 3144 Ab
773 3075 835 3142 hoe
862 3087 894 3141 et
918 3078 1102 3148 ministeria

124 3162 263 3227 servilia·
277 3181 319 3250 po
344 3163 614 3244 ulointerdicta,
636 3174 668 3228 et
689 3164 783 3264 plebs
805 3165 841 3228 in
862 3172 986 3250 septem
1003 3161 1116 3228 urbes.
1140 3201 1145 3212 ·

125 3248 240 3314 divisa.
327 3251 401 3336 ujus
432 3270 526 3314 casus
556 3249 700 3334 fabulosi
728 3247 941 3330 viderentur,
976 3249 1041 3313 nisi
1070 3257 1103 3312 et
1113 3257 1154 3315 20

124 3333 347 3405 Romanorum
372 3335 556 3400 conditores
578 3335 659 3421 lupa
679 3336 812 3415 nutriti,
838 3333 917 3400 etO
942 3354 1015 3416 rus,
1041 3349 1102 3398 retr

123 3419 316 3502 Persarum,
340 3440 422 3486 cane
443 3421 541 3486 alitus
562 3443 633 3486 esse
655 3421 857 3506 proderetur.
890 3357 1019 3485 llrrtno
1035 3419 1101 3484 Ha-

125 3504 213 3586 bide,
235 3529 375 3592 regnum
396 3529 456 3594 per
477 3505 587 3572 multa.
601 3505 714 3572 secula
735 3505 1015 3572 enteeessoribue
1030 3507 1101 3593 elus
1221 3567 1225 3576 ,

125 3599 288 3656 retentum
305 3597 389 3664 est'
423 3603 450 3654 ·.’
