2666 4246
242 339 263 408 8
525 301 671 402 'ausura
689 345 936 402 mutuaturuu

191 512 229 569 31
242 503 357 566 feceret
403 499 566 566 Hostibus
586 523 720 588 quoqne
742 521 875 566 crevere
890 502 1002 580 animi,
1025 500 1128 564 veluti
1145 521 1224 565 oum

243 588 331 652 :luce
356 587 444 652 vires
473 587 659 651 Poenarum
690 585 897 651 cecidissent.
940 586 1058 672 Itaque
1087 587 1226 650 Siciliae
1314 593 1315 608 .

242 671 374 759 populis
401 680 538 774 propter
563 670 716 736 assiduas
735 671 1059 756 Carthaginiensium
1081 671 1226 759 injurias

243 757 285 822 ad
306 757 499 838 Leonidam,
529 757 663 822 fratrem
690 757 777 842 regis
808 757 1055 843 Spartanorum,
1085 777 1226 822 coneur-

242 842 400 923 rentibus,
424 863 526 928 grave
548 841 674 906 bellum
697 854 747 906 est
767 851 892 921 uatum,
915 843 950 906 in
973 862 1041 927 quo
1062 852 1095 906 et
1116 842 1229 908 diuet

191 928 335 994 32raria
355 928 494 992 victoria
515 927 710 1012 proeliatum
733 928 804 990 fuit
849 927 940 992 Dum
962 926 1044 990 haec
1065 937 1226 1011 aguntur,
1315 937 1316 966 l

242 1013 342 1098 legati
364 1035 384 1076 a
406 1013 520 1092 Dario,
550 1012 725 1078 Persarum
748 1033 836 1098 rege,
865 1011 1100 1097 Carthaginem
1123 1033 1226 1077 vene·
1315 1033 1316 1036 ’

241 1107 328 1178 runt,
350 1093 523 1162 afferentes
544 1096 698 1178 edictum,
719 1117 786 1184 quc
802 1097 906 1161 Poeni
921 1097 1081 1161 humanas
1097 1097 1226 1162 hostias

241 1182 412 1247 immolare
420 1183 673 1246 atcaninavesci
681 1181 1225 1269 prohibebanturmortuorumqne

242 1287 380 1354 corpora
401 1289 565 1348 cremare,
593 1268 772 1416 potiusque
792 1277 879 1331 terra
901 1267 1040 1332 obruere
1057 1267 1225 1354 jubeban-

240 1363 303 1433 tur,
335 1361 484 1438 petentes
506 1353 590 1416 simu
627 1353 757 1417 auxilia
775 1353 934 1418 adversus
957 1351 1149 1434 Graeciam}
1168 1356 1224 1418 cui
1316 1381 1317 1398 .

240 1438 392 1502 illaturus
422 1437 547 1501 bellurn
570 1438 693 1501 Darius
716 1447 795 1502 erat.
840 1439 906 1502 Sed
929 1437 1224 1524 Carthaginienses

241 1521 368 1586 auxilia
388 1532 548 1608 negantes
571 1533 704 1610 prepter
726 1523 861 1587 assidua
886 1523 1102 1588 finitimorum
1123 1523 1222 1603 bella,

241 1608 368 1689 celeris,
391 1630 433 1672 ne
448 1608 635 1694 peremnia
650 1618 860 1672 contumaces
876 1609 1077 1690 viderentur,
1099 1610 1224 1696 cupide

240 1710 388 1781 paruere:

493 1810 497 1819 ·
653 1780 729 1832 CAP.
747 1782 807 1832 vn.

403 1861 696 1928 llrrthaalnienelm
713 1861 747 1916 lu
763 1861 869 1918 staua
885 1862 1053 1918 calamitae

100 1952 173 2013 480.
190 1958 230 2015 33
306 1949 436 2012 interca
455 1943 629 2012 Hamilcar
650 1943 737 2011 bello
755 1947 921 2014 Siciliensi
943 1947 1148 2028 interficitur,
1171 1969 1218 2012 re·

240 2033 325 2098 lictis
359 2031 463 2096 tribus
500 2032 595 2113 filiis,
633 2032 807 2114 imileone,
844 2033 1025 2114 Hannone,
1063 2033 1219 2098 Ciseonc.

239 2116 441 2182 Hasdrubali
465 2139 530 2202 quo
555 2139 597 2181 ue
619 2139 681 2201 par
702 2140 860 2183 numerus
875 2117 1019 2182 filiorum
1034 2118 1106 2198 fuit,
1130 2119 1221 2183 Han·
1318 2129 1319 2132 ’

241 2202 332 2267 nibal
355 2210 388 2264 et
409 2200 543 2265 Hasdru
570 2201 600 2265 al
625 2212 657 2266 et
671 2201 815 2289 Sappho.
861 2204 925 2268 Per
940 2203 999 2269 hos
1015 2226 1067 2268 res
1083 2203 1221 2270 Cartha-

242 2287 442 2352 ‹rinieusium
477 2309 516 2350 ea
548 2295 740 2374 tempestate
775 2287 983 2374 gerebantur.
1037 2287 1155 2376 Itaque
1189 2299 1222 2352 et

239 2337 365 2436 biantis
387 2371 512 2437 bellum
532 2371 672 2454 illatum,
695 2381 731 2437 et
742 2374 901 2438 adversus
915 2374 1077 2440 Numidas
1092 2395 1220 2460 pugne-

240 2470 321 2539 tum,
349 2468 382 2522 et
402 2458 476 2522 Afri
504 2457 668 2543 compulsi
693 2468 771 2522 sunt
799 2459 998 2543 stipendium
1028 2460 1121 2526 urbis
1143 2481 1221 2523 con-

189 2553 229 2610 34
241 2544 327 2609 ditae
357 2543 688 2628 Carthaginiensibus
717 2546 892 2608 remittere.
938 2544 1083 2626 Deinde,
1114 2565 1221 2630 quum

239 2629 366 2694 familia
401 2638 494 2694 tanta
529 2630 766 2729 imperaturum·
801 2631 912 2715 gravis
942 2627 1065 2694 liberae
1093 2631 1221 2694 oivimti

240 2723 335 2795 esset,
370 2716 547 2800 omniaque
576 2714 641 2798 1psi
672 2725 811 2799 agerent
835 2715 933 2778 simul
964 2725 996 2779 st
1017 2715 1219 2802 judicarent,

240 2809 373 2863 cautrun
402 2819 445 2863 err
475 2816 613 2870 numero
641 2809 833 2864 senatorum
854 2801 986 2887 judiees
1016 2799 1219 2884 deliguntur,

241 2885 308 2972 qui,
339 2885 481 2948 reversis
511 2906 538 2946 a
552 2884 641 2948 bello
664 2884 818 2966 ducibus,
849 2887 1009 2950 rationem
1032 2894 1143 2948 ranam
1165 2905 1221 2970 ge

240 2981 363 3035 starum
386 2969 566 3053 exigerent,
590 2979 628 3032 ut
649 2969 711 3034 hee
732 2979 822 3035 metu
844 2971 891 3035 'tta
912 2973 946 3034 in
969 2969 1057 3034 bello
1079 2971 1222 3056 imperia

74 3099 76 3106 ·
189 3058 412 3142 3hagitarent,
435 3063 473 3118 ut
494 3054 582 3118 domi
599 3055 729 3141 judicia
750 3055 906 3142 legesque
922 3057 1133 3140 respicerent.
1180 3057 1219 3118 ln

239 3141 356 3208 Sicilia
375 3142 410 3204 in
433 3139 542 3204 locum
557 3137 760 3206 Hamilcaris
779 3141 959 3225 imperatas·
969 3140 1086 3206 Imilce
1109 3159 1221 3204 sucee-

240 3227 301 3312 dit3
333 3229 393 3314 qui
426 3245 528 3312 quum
562 3225 674 3289 navali
707 3228 918 3313 terrestrique
951 3226 1039 3291 bello
1072 3225 1221 3290 secunda

238 3313 367 3400 proelia
379 3313 518 3392 fecisset,
541 3311 729 3398 multasque
744 3312 894 3376 civitates
908 3313 1059 3398 cepisset,
1083 3320 1218 3396 repente

188 3407 229 3465 36
238 3397 422 3484 pestilentis
456 3397 573 3462 sideris
607 3397 642 3459 vi
671 3397 851 3462 exercitum
880 3397 996 3462 amisit.
1041 3396 1136 3477 Quae
1164 3413 1217 3458 res

239 3499 350 3569 qnam
363 3483 522 3546 nunciata
537 3480 732 3572 Carthagini
755 3491 849 3563 meet,
872 3483 1132 3547 maestecivitaa
1142 3480 1218 3544 luit:

239 3569 352 3632 onmis
377 3565 576 3648 ululatibues
600 3586 667 3630 non
696 3585 790 3631 secus
813 3589 851 3631 ae
873 3567 902 3631 ei
925 3567 1007 3631 urbs
1026 3566 1101 3652 ipsa
1122 3573 1221 3648 captia
