2658 4244
222 319 259 376 14
508 319 650 396 JUSTlNl
666 317 915 370 HISTORIABUM

219 471 333 536 Asiam
350 468 569 553 perdomitam
585 469 780 552 vectigalem
797 469 913 548 fecere,
930 469 1059 533 modico
1075 469 1198 536 tributo

118 603 123 614 .
221 557 327 640 magis
338 557 372 618 in
385 555 515 619 titulum
529 555 669 639 imperii,
686 575 784 640 quam
797 555 831 616 in
844 555 1002 618 victoriae
1013 556 1199 639 praemium

221 641 385 724 imposito.
439 641 489 703 lta
511 641 591 704 Asia
612 661 672 722 per
694 639 785 702 mille
809 639 1007 724 quingentos
1031 663 1135 704 annos
1157 641 1198 704 iis

221 725 392 809 vectigalis
406 725 487 788 tuit
531 723 703 788 Pendendi
730 722 845 788 tributi
868 725 967 788 finem
990 725 1116 807 Ninus,
1139 748 1199 790 rex

221 811 445 896 Assyriorum,
462 811 630 894 imposuit.

640 923 715 1014 car.
734 963 780 1013 rr.

540 1046 718 1100 Amazonum
736 1043 881 1100 historia·

173 1158 212 1214 16
287 1149 352 1214 Sed
374 1148 463 1234 apud
485 1148 625 1232 Scythas
649 1147 714 1210 duo
736 1149 819 1231 regii
836 1148 994 1232 juvenes,
1026 1135 1146 1234 Ylinos,
1166 1157 1199 1212 et

223 1235 417 1319 Scolopitos‚
434 1233 684 1318 perfectionem
702 1233 897 1316 optimatum
913 1231 1011 1296 domo
1026 1233 1128 1317 pulsi,
1145 1233 1197 1297 'in-

224 1329 355 1405 gentem
365 1321 575 1405 juventutem
591 1339 702 1381 secum
718 1329 858 1396 traxere,
875 1327 906 1381 et
921 1319 955 1380 in
970 1317 1198 1404 Cappadociae

225 1427 282 1470 ora
301 1407 401 1491 juxta
426 1426 557 1468 amnem
584 1402 830 1467 Thermodonta
859 1403 1094 1482 consederunt,
1126 1403 1199 1466 sub-

218 1493 392 1578 jectosque
408 1489 653 1574 Themiscyrios
674 1509 807 1572 campos
830 1509 1043 1572 occupavere.
1074 1487 1126 1552 Ibi
1141 1509 1201 1573 per

225 1575 346 1640 multos
363 1597 465 1638 annos
479 1573 620 1660 spoliare
632 1573 789 1636 finitimos
809 1575 941 1653 assueti,
958 1574 1200 1658 conspiratione

175 1670 214 1727 17
224 1660 423 1746 populorum
438 1683 497 1744 per
512 1659 650 1723 insidias
667 1657 883 1722 trucidantur.
925 1659 1052 1722 Horum
1068 1681 1199 1740 uxores,

198 1745 202 1754 ’
226 1769 328 1832 quum
350 1746 502 1810 viderent
521 1744 638 1808 exsilio
661 1743 805 1808 additam
828 1742 1017 1824 orbitatem,
1041 1766 1133 1807 arma
1149 1766 1199 1807 su-

225 1841 320 1896 munt
335 1832 485 1916 finesque
500 1852 577 1894 suos
586 1878 594 1910 ,
619 1828 851 1894 submoventes
866 1822 993 1912 primo',h
1007 1851 1085 1894 mox
1101 1831 1199 1892 etiam

225 1918 402 1981 inferentes
418 1915 516 1998 bella,
534 1914 723 1983 defendunt.
754 1913 930 1996 Singulare
947 1909 1094 1978 omniuin
1111 1936 1201 1978 secu-

226 2002 332 2066 lorum
345 2002 534 2086 exemplum
548 2000 659 2080 edunt,
675 1998 912 2082 rempublicam
926 2000 997 2062 sine
1013 2001 1093 2063 viris
1109 2009 1201 2062 tucn-

226 2096 291 2168 tes,
315 2096 347 2150 et
366 2107 408 2150 ne
423 2087 584 2148 feliciores
601 2085 685 2148 aliae
701 2084 774 2147 aliis
791 2083 998 2165 viderentur,
1021 2086 1120 2164 viros,
1144 2085 1202 2170 qui

227 2171 315 2236 domi
346 2177 588 2250 remanserant,
619 2168 830 2233 interficiunt.
875 2170 1042 2233 Ultionem
1069 2191 1201 2256 quoque

227 2279 397 2320 caesorum
420 2257 598 2342 conjugum
622 2254 751 2322 excidio
767 2253 981 2334 finitimorum
997 2276 1202 2340 consequun-

226 2350 290 2405 tur.
322 2343 505 2404 Amanones
523 2341 639 2422 diotae,
656 2361 722 2419 non
740 2340 805 2402 otio
821 2349 879 2404 aut
894 2340 1048 2420 lanificio,
1066 2349 1102 2404 ut
1117 2339 1202 2403 aliae

227 2427 392 2507 mulieres,
417 2426 475 2490 sed
498 2427 609 2506 armis,
633 2426 737 2510 equis,
761 2425 994 2489 venationibus
1018 2425 1202 2489 studebant.

178 2519 217 2576 18
228 2513 391 2592 Duaehis
406 2512 540 2596 reginae
555 2511 646 2576 fuere
654 2559 663 2590 ,
679 2511 847 2593 Marpesia
862 2519 894 2572 et
909 2509 1096 2596 Lampado,
1118 2532 1204 2596 quae

227 2599 371 2684 inclytae
389 2599 459 2683 jam
483 2596 619 2682 opibus,
642 2597 677 2658 in
701 2595 782 2658 duas
806 2603 916 2678 partes
939 2597 1070 2679 agmine
1086 2595 1204 2678 diuiso,

228 2683 386 2768 gerebant
407 2681 496 2747 bella
519 2682 580 2746 soli
603 2682 760 2746 terminos
777 2677 1005 2763 defendentes3
1029 2691 1061 2744 et
1076 2703 1118 2744 ne
1134 2702 1206 2744 suc-

229 2767 376 2832 cessibus
394 2767 521 2831 deesset
536 2768 729 2842 auctoritas,
756 2767 884 2848 genitas
908 2787 943 2830 se
958 2765 1063 2829 Marte
1079 2766 1205 2850 praedi-

179 2857 218 2915 19
230 2852 358 2916 cabant.
389 2853 505 2937 Itaque
520 2854 643 2939 majore
659 2861 752 2935 parte
768 2852 922 2936 Europae
938 2850 1088 2930 subacta,
1105 2852 1206 2916 Asiae

230 2961 362 3026 quoque
374 2937 551 3000 nonnullas
565 2939 713 3000 civitates
724 2959 937 3020 occupavere,
948 2935 1062 3021 ibique
1072 2936 1206 3020 Epheso

229 3024 408 3109 multisque
420 3023 493 3086 aliis
505 3021 645 3086 urbibus
658 3023 809 3102 conditis,
820 3031 946 3107 partem
960 3022 1122 3084 exercitus
1131 3043 1207 3084 oum

229 3110 357 3194 ingenti
372 3107 496 3193 praeda
512 3107 645 3172 domurn
662 3107 840 3172 dimittunt.
877 3106 1047 3193 Reliquae,
1064 3128 1149 3192 quae
1165 3105 1208 3170 ad

229 3194 388 3259 tuendum
400 3194 500 3258 Asiae
516 3194 689 3277 imperium
708 3201 943 3272 remanserant,
960 3213 1120 3256 concursu
1135 3189 1209 3255 bar-

229 3280 384 3345 barorum
397 3301 472 3343 cum
484 3278 651 3362 Marpesia
666 3279 781 3362 regina
795 3278 1049 3355 interficiuntur,
1064 3277 1099 3338 in
1113 3277 1208 3362 cujus

181 3373 221 3429 20
230 3365 340 3430 locum
363 3364 432 3427 filia
451 3367 523 3451 ejus
539 3362 681 3448 Orithya
702 3384 804 3447 regno
829 3363 984 3426 succedit.
1020 3361 1128 3448 Hujus
1145 3363 1209 3424 vir-

231 3457 300 3514 tute
316 3457 442 3515 tantum
460 3449 609 3514 additum
625 3448 750 3534 gloriae
767 3455 799 3510 et
810 3448 917 3514 famae
929 3449 1136 3512 Amazonum
1150 3456 1210 3525 est,

232 3543 270 3598 ut
284 3535 341 3598 ille
357 3556 426 3616 reu,
444 3537 501 3622 qui
518 3533 691 3598 duodecim
708 3533 874 3618 stipendia
889 3531 1047 3617 imposuit
1061 3531 1210 3612 Herculi,
