2666 4246
253 355 293 416 86
535 357 676 408 susum
692 357 940 408 maronianus

379 589 553 644 nemrot
569 587 609 643 ιι
624 507 970 646 fflonanm
986 588 1101 658 porat.

202 701 245 758 30
315 691 400 755 Inde
414 689 605 756 Alexander
618 690 809 775 Aegyptum
824 691 897 754 sine
912 692 1090 755 certamine
1105 689 1232 776 recipit.

251 777 307 842 Ad
320 777 343 840 J
344 798 439 839 ovem
455 774 575 839 deinde
588 774 809 840 Hammonem
823 777 948 860 pergit,
971 776 1183 839 consulturus
1201 783 1234 840 et

253 861 295 925 de
310 871 431 924 eventu
440 859 636 939 futurorum,
648 867 681 922 et
692 859 733 922 de
745 861 872 943 origine
883 883 960 943 sua3
976 857 1132 946 cupiebat
1143 861 1233 923 enim

252 946 415 1029 originem
430 944 612 1008 divinitatis
627 965 647 1005 a
691 945 809 1006 uirere.
831 944 1020 1030 Itaqueper
1056 945 1232 1010 raemissos

252 1029 412 1094 subornat
426 1030 599 1107 antistites,
615 1029 673 1114 qui
711 1028 775 1091 sibi
789 1025 982 1114 responderi
997 1051 1037 1092 ve
1054 1030 1087 1092 ‘t
1118 1030 1234 1113 Ingre-

253 1115 397 1178 dientem
422 1113 583 1199 templum
603 1114 713 1176 statim
734 1122 772 1175 ut
790 1113 987 1178 Hammonis
1009 1113 1116 1177 filium
1145 1113 1232 1177 salu·

251 1209 332 1262 tant
368 1199 431 1263 Ille
453 1198 559 1261 laetus
582 1195 636 1260 dei
650 1196 842 1283 adoptione,
866 1197 929 1261 hoc
944 1219 980 1262 se
994 1207 1087 1284 patre
1103 1198 1233 1262 censeri

201 1291 240 1348 31
246 1284 353 1370 jubet
390 1284 498 1366 Rogat
517 1280 647 1360 deinde,
671 1305 712 1345 an
736 1304 841 1346 omnes
855 1290 1073 1361 interfectores
1081 1291 1232 1362 parentis

251 1377 303 1432 sui
325 1377 368 1431 stt
388 1375 493 1431 ulus?
514 1365 758 1452 Respondetur,
778 1381 899 1445 patrem
915 1375 982 1446 ejus
996 1389 1055 1431 nec
1062 1389 1166 1446 posse
1181 1375 1232 1431 ln-

251 1460 363 1528 terfici,
375 1474 435 1516 nec
446 1459 544 1526 mor&
558 1459 643 1529 repis
653 1458 792 1530 Philippi
799 1465 965 1530 peractam
974 1459 1070 1530 plene
1082 1459 1232 1516 altionem

252 1558 329 1602 esse.
348 1535 462 1599 Tertia
471 1536 727 1618 interrogatione
738 1537 886 1621 poscenti
895 1537 1068 1600 victoriam
1080 1538 1232 1600 omnium

203 1695 209 1704 ‚
251 1621 413 1686 bellorum
442 1621 748 1706 possessionemque
779 1630 957 1702 terrarum,
994 1620 1066 1683 dari
1096 1642 1231 1708 respon·

200 1713 242 1770 32
251 1705 356 1771 detur.
408 1704 592 1770 Comitibus
618 1727 752 1790 quoque
779 1707 849 1791 ejus
879 1725 1073 1788 responsum
1100 1714 1164 1786 est,
1197 1718 1233 1770 ut

250 1798 462 1857 Alexandmm
474 1811 540 1868 pro
561 1797 634 1865 deo,
658 1813 721 1852 non
728 1811 794 1868 pro
810 1811 883 1868 repe
897 1798 1043 1854 colerent.
1073 1787 1166 1852 Hinc
1179 1789 1231 1853 illi

251 1887 349 1940 aucta
376 1874 569 1954 insolentia,
599 1873 770 1958 mirusque
799 1875 909 1937 animo
938 1875 1079 1938 increvit
1107 1883 1230 1955 tumor,

251 1972 405 2047 exempta
419 1960 587 2038 comitate,
609 1975 709 2058 quam
731 1967 763 2021 et
777 1957 980 2022 Graecorum
995 1958 1097 2024 literis
1114 1968 1148 2022 et
1161 1959 1231 2024 Ma-

250 2045 413 2108 cedonum
428 2045 586 2107 institutis
601 2043 770 2106 didicerat.
804 2043 968 2107 Reversus
983 2043 1024 2106 ab
1039 2043 1230 2108 Hammone

249 2128 488 2193 Alexandriam
502 2127 658 2210 condidit,
675 2137 707 2192 et
717 2127 880 2192 coloniam
893 2127 1112 2192 Macedonum
1129 2139 1231 2216 caput

253 2236 325 2278 esse
339 2213 486 2298 Aegypti
494 2211 601 2300 jubet

249 2431 421 2487 Alexander
437 2430 626 2487 oondIctonos
643 2347 731 2498 pidia
745 2349 874 2486 XIIIJIArio
891 2431 1010 2486 oblatas
1024 2445 1087 2486 non
1101 2431 1229 2502 accipit.

199 2542 239 2600 33
312 2534 437 2598 Darius
475 2555 556 2597 uum
570 2531 791 2616 Babyloniam
805 2533 1019 2617 profugisset,
1034 2554 1094 2618 per
1110 2534 1231 2619 episto·

248 2619 298 2683 las
311 2555 542 2682 Alexandrum
556 2626 725 2702 precatur,
740 2623 985 2682 restituendarum
1006 2625 1070 2682 sibi
1082 2628 1230 2698 captivu-

242 2709 316 2768 'rum
329 2716 512 2781 potestatem
525 2709 643 2781 saciat,
666 2703 769 2786 inque
785 2723 856 2764 eam
872 2723 942 2766 rem
956 2723 1112 2787 magnam
1129 2713 1231 2788 pecu·

248 2787 339 2850 niam
355 2784 537 2870 pollicetur.
576 2785 644 2850 Sed
657 2785 850 2851 Alexander
871 2787 905 2850 in
924 2788 1067 2872 pretium
1082 2789 1231 2872 captiva-

199 2896 203 2909 ·
248 2894 322 2938 rum
341 2893 481 2955 regnum
503 2893 613 2951 omne,
636 2893 703 2935 non
725 2872 901 2957 pecuniam
916 2873 1008 2957 petit.
1049 2870 1230 2958 Interjecto

248 2967 395 3043 tempore
420 2954 506 3020 aliae
528 2956 685 3042 epistolae
708 2955 804 3020 Darii
818 2955 1010 3020 Alexandro
1030 2955 1230 3040 redduntur,

272 3042 369 3109 uibus
394 3040 483 3106 filiae
508 3041 752 3106 matrimonium
780 3050 811 3104 et
836 3042 931 3126 regni
952 3042 1058 3127 po1tio
1080 3041 1230 3108 offertur.

247 3065 315 3192 god
326 3125 520 3192 Alexander
533 3149 593 3191 sue
607 3133 670 3191 sibi
685 3133 759 3190 dari
772 3126 952 3212 rescripsit,
967 3125 1136 3213 jussitque
1151 3149 1229 3206 sup-

178 3219 238 3278 ,34
243 3221 358 3292 plicem
374 3220 481 3278 venire
496 3225 526 3275 et
539 3218 632 3292 regni
646 3217 781 3276 arbitrio
798 3218 909 3276 victori
917 3219 1109 3290 permittere.
1139 3211 1230 3276 Tum

247 3320 262 3360 s
288 3297 419 3383 epaeis
446 3297 582 3378 amissa,
605 3295 730 3360 bellum
751 3295 875 3360 Darius
889 3305 1033 3381 reparat3
1055 3317 1132 3360 cum
1147 3318 1230 3381 qua-

289 3381 430 3468 'ngentis
446 3379 593 3445 millibus
633 3380 756 3448 editum
773 3388 805 3444 et
819 3388 952 3444 centum
966 3380 1114 3468 millibus
1135 3382 1230 3467 oqui-

246 3475 316 3530 tum
338 3465 468 3530 obviam
489 3465 582 3530 vadit
635 3464 804 3530 lexandro.
848 3465 887 3529 In
903 3465 1021 3529 itinere
1035 3467 1228 3547 nunciatur,

246 3571 375 3616 uxorem
399 3558 467 3630 ejus
490 3557 678 3627 decessisse,
703 3557 831 3629 ejusque
856 3565 982 3615 mortem
1005 3558 1230 3616 illacrimatum
