2658 4244
255 325 292 385 76
540 327 681 379 JUS'I'INI
697 323 970 380 HISTORIARUM'

254 480 340 543 citus
356 487 413 557 est,
429 486 466 541 ut
481 486 664 566 appareret,
679 475 777 565 plura
792 499 868 542 eum
883 479 1118 562 experimentis
1133 474 1239 562 reser—

225 573 344 629 4vare.
387 562 626 627 Macedonibus
645 564 886 628 immunitatem
907 572 1100 628 cunctarum
1123 586 1237 628 rerum
1318 623 1319 632 ,

254 657 386 734 praeter
406 649 543 712 militiae
564 647 770 712 vacationem
793 647 896 731 dedit3
920 669 985 733 quo
1004 647 1091 712 facto
1106 659 1236 712 tantum
1318 679 1319 708 ;

255 735 318 799 sibi
328 735 450 798 favoris
462 733 551 820 apud
563 755 677 798 omnes
690 733 887 814 conciliavit,
905 743 942 796 ut
952 754 1071 819 corpus
1081 734 1238 813 hominis,

255 841 322 884 non
337 820 494 883 virtutem
509 819 596 903 regis
612 827 757 882 mutasse
772 841 807 884 se
823 819 980 882 dicerent.

678 987 754 1042 CAP.
771 990 808 1042 11.

255 1071 427 1137 Alexandro
447 1071 563 1128 nauum
585 1071 886 1196 Pemppprphpprmnti
903 1069 1085 1129 Graecorum
1106 1071 1239 1128 detectio

226 1255 244 1312 5
319 1241 432 1306 Prima
451 1242 501 1306 illi
525 1263 604 1308 cura
625 1251 837 1326 paternarum
858 1242 1090 1328 exsequiarum
1106 1244 1179 1324 fuit,
1203 1246 1239 1307 in

256 1327 377 1414 quibus
393 1337 469 1391 ante
484 1327 597 1391 omnia
610 1325 721 1390 caedis
736 1327 884 1391 conscios
900 1327 943 1390 ad
957 1327 1122 1394 tumulum
1134 1331 1240 1414 patris

256 1412 362 1476 occidi
386 1413 495 1499 jussit
540 1412 610 1476 Soli
639 1412 833 1476 Alexandro
860 1411 1047 1498 Lyncestae
1077 1416 1238 1500 pepercit,
1320 1457 1321 1462 κ

255 1518 391 1561 servans
412 1498 448 1560 in'
470 1518 508 1560 eo
529 1498 714 1584 auspicium
730 1498 900 1582 dignitatis
917 1519 1006 1579 suae,
1029 1521 1108 1562 nam
1123 1521 1239 1584 regem

256 1605 331 1646 eum
352 1582 480 1668 primus
501 1581 712 1646 salutaverat.
757 1583 936 1646 Aemulum
957 1605 1090 1669 quoque
1104 1583 1239 1668 imperii

256 1669 422 1733 Caranum
437 1667 571 1730 fratrem
580 1689 622 1730 ex
634 1688 777 1744 noverca
788 1690 884 1734 susce
908 1677 978 1732 tum
990 1668 1132 1732 interfici
1144 1691 1239 1734 eura-

226 1753 312 1822 6vit.
339 1753 431 1816 Inter
445 1753 541 1814 initia
551 1752 673 1816 multas
686 1762 800 1838 gentes
810 1691 1009 1818 rebeilantes
1023 1756 1238 1839 compescuit,

254 1839 396 1906 orientes
408 1836 586 1904 nonnullas
599 1837 777 1904 seditiones
789 1839 960 1906 exstinxit
994 1837 1126 1918 Quibus
1135 1839 1239 1906 rebus

255 1934 382 1989 erectus
394 1925 493 1988 citato
507 1923 613 2008 gradu
624 1924 659 1986 in
669 1923 843 1988 Graeciam
856 1923 1034 2005 contendit,
1046 1923 1115 2004 ubi,
1127 1946 1240 1989 exem·
1321 1943 1322 1980 1

279 2009 311 2073 lo
338 2011 440 2093 patris
468 2008 664 2074 Corinthum
696 2010 840 2072 evocatis
870 2007 1075 2090 civitatibus,
1105 2009 1175 2073 dux
1203 2011 1239 2073 in
1321 2047 1322 2052 κ

227 2031 365 2158 iiocum
386 2095 456 2178 ejus
477 2093 695 2157 substituitur.
740 2093 937 2158 inchoatum
960 2090 1080 2158 deinde
1103 2104 1239 2180 epatre
1320 2147 1321 2152 ,

254 2179 426 2243 Persicum
441 2178 566 2242 bellum
579 2179 780 2264 aggreditur.
808 2179 849 2248 In
863 2181 956 2265 cujus
968 2187 1130 2266 apparatu
1142 2200 1239 2244 occu-

253 2273 331 2351 pato
358 2264 551 2342 nunciatur,
578 2271 782 2329 Athenienses
812 2278 842 2328 et
870 2270 1033 2330 Thebanos
1062 2271 1103 2328 uh
1133 2287 1170 2329 eo
1195 2273 1242 2329 ud

254 2357 373 2414 Perses
396 2357 562 2427 defecisse,
587 2363 807 2430 auctoremque
828 2357 898 2429 ey‘us
919 2357 1108 2428 desectionis
1122 2371 1238 2430 manno

205 2476 213 2488 ·
256 2443 330 2499 auri
336 2442 481 2514 pondere
492 2457 513 2498 α
526 2441 633 2500 Persis
645 2450 824 2514 corruptum
832 2441 1065 2500 Demosthenem
1079 2449 1238 2500 oratorem

255 2529 422 2599 exstitisse,
447 2530 500 2600 qui
523 2525 728 2584 rhucedonum
752 2527 871 2585 deletus
889 2541 995 2586 omues
1010 2541 1078 2585 eum
1092 2541 1166 2600 repe
1179 2543 1238 2585 co-

251 2615 371 2687 piosa
396 2607 543 2672 micatus
565 2613 786 2685 affirmaverit,
808 2613 965 2685 producto
994 2613 1025 2670 in
1055 2615 1238 2670 concionem

256 2703 395 2768 auctore,
419 2699 473 2771 qui
488 2699 520 2755 in
536 2713 572 2755 eo
582 2699 718 2771 proelio,
735 2699 768 2756 iu
784 2713 843 2771 ouo
860 2714 917 2756 rex
932 2698 1091 2769 ceciderit,
1107 2714 1143 2754 se
1158 2713 1237 2770 quo·

257 2798 317 2856 que
331 2783 522 2840 uulneratum
538 2783 664 2841 diceret.
707 2783 776 2853 Qua
792 2784 940 2856 opinione
954 2787 1087 2840 mutatos
1103 2786 1237 2841 omnium

253 2869 354 2942 sume
382 2869 552 2926 ciuitatium
582 2871 703 2926 animos
731 2885 816 2940 csse;
841 2869 1007 2941 praesidia
1030 2867 1238 2926 Macedonum

115 2971 128 2996 0
227 2953 405 3013 8ohsidere‘.
450 2944 581 3024 Quibus
595 2947 738 3011 motibus
753 2967 949 3011 occursurus
964 2955 1057 3012 tanta
1070 2946 1237 3010 celeritate

254 3034 414 3097 instructo
436 3040 617 3117 paratoque
640 3033 788 3096 exercitu
803 3032 978 3098 Graeciam
995 3029 1166 3118 oppressit,
1189 3041 1236 3111 ut,

256 3140 354 3205 quem
370 3119 485 3182 venire
498 3139 568 3182 non
583 3126 764 3204 senserant,
786 3118 900 3182 videre
920 3139 955 3182 se
974 3118 1034 3180 vix
1054 3117 1236 3182 crederent.

672 3272 748 3325 CAP.
766 3273 816 3325 111.

586 3355 696 3412 Graeci
714 3355 902 3412 coercentur.

226 3466 245 3524 9
318 3457 359 3522 In
382 3458 522 3522 transitu
545 3455 692 3522 hortatus
715 3457 892 3522 Thessalos
914 3455 1035 3539 fuerat,
1061 3455 1237 3522 beneficio·

254 3565 397 3628 rumque
411 3542 560 3628 Philippi
573 3547 675 3630 patris
690 3553 925 3630 maternaeque
939 3565 1018 3608 suae
1034 3564 1109 3607 cum
1125 3542 1177 3608 his
1193 3543 1236 3607 ab
