<?xml version="1.0" encoding="UTF-8"?>
<!DOCTYPE html PUBLIC "-//W3C//DTD XHTML 1.0 Transitional//EN"
    "http://www.w3.org/TR/xhtml1/DTD/xhtml1-transitional.dtd">
<html xmlns="http://www.w3.org/1999/xhtml" xml:lang="en" lang="en">
 <head>
  <title>
</title>
<meta http-equiv="Content-Type" content="text/html;charset=utf-8" />
  <meta name='ocr-system' content='tesseract 3.04.00' />
  <meta name='ocr-capabilities' content='ocr_page ocr_carea ocr_par ocr_line ocrx_word'/>
</head>
<body>
  <div class='ocr_page' id='page_1' title='image "./historiarumlibr00eitngoog_0050.png"; bbox 0 0 2658 4244; ppageno 0'>
   <div class='ocr_carea' id='block_1_1' title="bbox 465 359 1056 424">
    <p class='ocr_par' dir='ltr' id='par_1_1' title="bbox 465 359 1056 424">
     <span class='ocr_line' id='line_1_1' title="bbox 465 359 1056 424; baseline -0.007 -10"><span class='ocrx_word' id='word_1_1' title='bbox 465 359 574 414; x_wconf 81' lang='lat' dir='ltr'><strong>meaa</strong></span> <span class='ocrx_word' id='word_1_2' title='bbox 592 361 666 412; x_wconf 76' lang='lat' dir='ltr'><strong>rur.</strong></span> <span class='ocrx_word' id='word_1_3' title='bbox 1018 363 1056 424; x_wconf 79' lang='lat'><strong>41</strong></span> 
     </span>
    </p>
   </div>
   <div class='ocr_carea' id='block_1_2' title="bbox 82 510 1088 2199">
    <p class='ocr_par' dir='ltr' id='par_1_2' title="bbox 82 510 1088 2199">
     <span class='ocr_line' id='line_1_2' title="bbox 82 510 1059 597; baseline 0.007 -23"><span class='ocrx_word' id='word_1_4' title='bbox 82 511 328 576; x_wconf 78' lang='lat' dir='ltr'><strong>Lacedaemona</strong></span> <span class='ocrx_word' id='word_1_5' title='bbox 353 533 393 576; x_wconf 68' lang='lat' dir='ltr'><strong>se,</strong></span> <span class='ocrx_word' id='word_1_6' title='bbox 410 510 549 576; x_wconf 87' lang='lat' dir='ltr'><strong>contulit</strong></span> <span class='ocrx_word' id='word_1_7' title='bbox 568 510 682 597; x_wconf 79' lang='lat' dir='ltr'>ibique</span> <span class='ocrx_word' id='word_1_8' title='bbox 704 533 816 594; x_wconf 86' lang='lat' dir='ltr'><strong>regem</strong></span> <span class='ocrx_word' id='word_1_9' title='bbox 839 513 1059 581; x_wconf 86' lang='lat' dir='ltr'><strong>Lacedaemo·</strong></span> 
     </span>
     <span class='ocr_line' id='line_1_3' title="bbox 83 595 1057 682; baseline 0.007 -22"><span class='ocrx_word' id='word_1_10' title='bbox 83 597 206 660; x_wconf 89' lang='lat' dir='ltr'><strong>niorum</strong></span> <span class='ocrx_word' id='word_1_11' title='bbox 230 595 377 682; x_wconf 78' lang='lat' dir='ltr'><strong>impulit,</strong></span> <span class='ocrx_word' id='word_1_12' title='bbox 403 603 441 660; x_wconf 92' lang='lat' dir='ltr'><strong>ut</strong></span> <span class='ocrx_word' id='word_1_13' title='bbox 467 596 607 676; x_wconf 79' lang='lat' dir='ltr'><strong>turbatis</strong></span> <span class='ocrx_word' id='word_1_14' title='bbox 636 595 897 663; x_wconf 81' lang='lat' dir='ltr'><strong>Atheniensibus</strong></span> <span class='ocrx_word' id='word_1_15' title='bbox 919 599 1057 666; x_wconf 82' lang='lat' dir='ltr'><strong>adverso</strong></span> 
     </span>
     <span class='ocr_line' id='line_1_4' title="bbox 82 679 1086 768; baseline 0.004 -22"><span class='ocrx_word' id='word_1_16' title='bbox 82 680 208 748; x_wconf 80' lang='lat' dir='ltr'><strong>Siciliae</strong></span> <span class='ocrx_word' id='word_1_17' title='bbox 220 681 346 768; x_wconf 87' lang='lat' dir='ltr'><strong>proelio</strong></span> <span class='ocrx_word' id='word_1_18' title='bbox 358 679 577 747; x_wconf 87' lang='lat' dir='ltr'><strong>ultrobellum</strong></span> <span class='ocrx_word' id='word_1_19' title='bbox 587 683 731 749; x_wconf 87' lang='lat' dir='ltr'><strong>inferret.</strong></span> <span class='ocrx_word' id='word_1_20' title='bbox 757 681 934 765; x_wconf 78' lang='lat' dir='ltr'><strong>Quofacto,</strong></span> <span class='ocrx_word' id='word_1_21' title='bbox 948 688 1086 750; x_wconf 88' lang='lat' dir='ltr'><strong>omnia3</strong></span> 
     </span>
     <span class='ocr_line' id='line_1_5' title="bbox 83 766 1058 854; baseline 0.005 -23"><span class='ocrx_word' id='word_1_22' title='bbox 83 767 237 832; x_wconf 77' lang='lat' dir='ltr'><strong>Graeciae</strong></span> <span class='ocrx_word' id='word_1_23' title='bbox 270 789 373 854; x_wconf 87' lang='lat' dir='ltr'><strong>regna</strong></span> <span class='ocrx_word' id='word_1_24' title='bbox 401 766 494 832; x_wconf 86' lang='lat' dir='ltr'><strong>velut</strong></span> <span class='ocrx_word' id='word_1_25' title='bbox 514 767 559 832; x_wconf 90' lang='lat' dir='ltr'><strong>ad</strong></span> <span class='ocrx_word' id='word_1_26' title='bbox 581 767 861 853; x_wconf 85' lang='lat' dir='ltr'><strong>exstinguendum</strong></span> <span class='ocrx_word' id='word_1_27' title='bbox 884 782 1058 836; x_wconf 86' lang='lat' dir='ltr'><strong>commune</strong></span> 
     </span>
     <span class='ocr_line' id='line_1_6' title="bbox 85 851 1058 920; baseline 0.006 -6"><span class='ocrx_word' id='word_1_28' title='bbox 85 851 271 915; x_wconf 83' lang='lat' dir='ltr'><strong>incendium</strong></span> <span class='ocrx_word' id='word_1_29' title='bbox 301 862 511 918; x_wconf 82' lang='lat' dir='ltr'><strong>concurrunt</strong></span> <span class='ocrx_word' id='word_1_30' title='bbox 567 854 710 918; x_wconf 76' lang='lat' dir='ltr'><strong>&#39;lantum</strong></span> <span class='ocrx_word' id='word_1_31' title='bbox 741 852 808 917; x_wconf 89' lang='lat' dir='ltr'><strong>odii</strong></span> <span class='ocrx_word' id='word_1_32' title='bbox 836 856 1058 920; x_wconf 80' lang='lat' dir='ltr'><strong>Athenienses</strong></span> 
     </span>
     <span class='ocr_line' id='line_1_7' title="bbox 85 936 1058 1006; baseline 0.004 -6"><span class='ocrx_word' id='word_1_33' title='bbox 85 936 288 1002; x_wconf 84' lang='lat' dir='ltr'><strong>immoderati</strong></span> <span class='ocrx_word' id='word_1_34' title='bbox 301 939 350 1004; x_wconf 88' lang='lat' dir='ltr'><strong>im</strong></span> <span class='ocrx_word' id='word_1_35' title='bbox 391 937 431 1002; x_wconf 85' lang='lat' dir='ltr'><strong>rii</strong></span> <span class='ocrx_word' id='word_1_36' title='bbox 447 937 642 1004; x_wconf 89' lang='lat' dir='ltr'><strong>crudelitate</strong></span> <span class='ocrx_word' id='word_1_37' title='bbox 656 947 898 1004; x_wconf 80' lang='lat' dir='ltr'><strong>contraxerant</strong></span> <span class='ocrx_word' id='word_1_38' title='bbox 934 941 1058 1006; x_wconf 88' lang='lat' dir='ltr'><strong>Darius</strong></span> 
     </span>
     <span class='ocr_line' id='line_1_8' title="bbox 86 1026 1058 1110; baseline 0.004 -24"><span class='ocrx_word' id='word_1_39' title='bbox 86 1044 230 1108; x_wconf 87' lang='lat' dir='ltr'><strong>quoque,</strong></span> <span class='ocrx_word' id='word_1_40' title='bbox 256 1045 316 1096; x_wconf 71' lang='lat' dir='ltr'><strong>rex</strong></span> <span class='ocrx_word' id='word_1_41' title='bbox 366 1045 530 1103; x_wconf 84' lang='lat' dir='ltr'><strong>erearum,</strong></span> <span class='ocrx_word' id='word_1_42' title='bbox 555 1047 686 1102; x_wconf 81' lang='lat' dir='ltr'><strong>memor,</strong></span> <span class='ocrx_word' id='word_1_43' title='bbox 706 1026 835 1110; x_wconf 85' lang='lat' dir='ltr'><strong>paterni</strong></span> <span class='ocrx_word' id='word_1_44' title='bbox 857 1027 936 1092; x_wconf 87' lang='lat' dir='ltr'><strong>aviti</strong></span> <span class='ocrx_word' id='word_1_45' title='bbox 960 1027 1058 1090; x_wconf 88' lang='lat' dir='ltr'><strong>usin</strong></span> 
     </span>
     <span class='ocr_line' id='line_1_9' title="bbox 86 1106 1058 1197; baseline 0.005 -28"><span class='ocrx_word' id='word_1_46' title='bbox 86 1106 166 1172; x_wconf 89' lang='lat' dir='ltr'><strong>hanc</strong></span> <span class='ocrx_word' id='word_1_47' title='bbox 179 1107 298 1174; x_wconf 87' lang='lat' dir='ltr'><strong>urbem</strong></span> <span class='ocrx_word' id='word_1_48' title='bbox 315 1109 391 1189; x_wconf 85' lang='lat' dir='ltr'><strong>odii,</strong></span> <span class='ocrx_word' id='word_1_49' title='bbox 405 1109 493 1174; x_wconf 78' lang='lat' dir='ltr'><strong>tacta</strong></span> <span class='ocrx_word' id='word_1_50' title='bbox 507 1131 583 1174; x_wconf 90' lang='lat' dir='ltr'><strong>cum</strong></span> <span class='ocrx_word' id='word_1_51' title='bbox 595 1108 866 1174; x_wconf 63' lang='lat' dir='ltr'><strong>liecedaemoniis</strong></span> <span class='ocrx_word' id='word_1_52' title='bbox 879 1133 940 1197; x_wconf 90' lang='lat' dir='ltr'><strong>per</strong></span> <span class='ocrx_word' id='word_1_53' title='bbox 980 1113 1058 1176; x_wconf 86' lang='lat' dir='ltr'><strong>issa·</strong></span> 
     </span>
     <span class='ocr_line' id='line_1_10' title="bbox 85 1191 1059 1279; baseline 0.006 -25"><span class='ocrx_word' id='word_1_54' title='bbox 85 1191 250 1275; x_wconf 88' lang='lat' dir='ltr'><strong>phernem,</strong></span> <span class='ocrx_word' id='word_1_55' title='bbox 266 1192 467 1278; x_wconf 85' lang='lat' dir='ltr'><strong>praefectum</strong></span> <span class='ocrx_word' id='word_1_56' title='bbox 481 1194 623 1279; x_wconf 79' lang='lat' dir='ltr'><strong>Lydiae,</strong></span> <span class='ocrx_word' id='word_1_57' title='bbox 639 1196 808 1275; x_wconf 90' lang='lat' dir='ltr'><strong>societate,</strong></span> <span class='ocrx_word' id='word_1_58' title='bbox 825 1217 955 1260; x_wconf 88' lang='lat' dir='ltr'><strong>omnem</strong></span> <span class='ocrx_word' id='word_1_59' title='bbox 972 1217 1059 1260; x_wconf 84' lang='lat' dir='ltr'><strong>sum·</strong></span> 
     </span>
     <span class='ocr_line' id='line_1_11' title="bbox 86 1277 1058 1366; baseline 0.004 -26"><span class='ocrx_word' id='word_1_60' title='bbox 86 1286 171 1360; x_wconf 85' lang='lat' dir='ltr'><strong>ptum</strong></span> <span class='ocrx_word' id='word_1_61' title='bbox 186 1277 269 1344; x_wconf 88' lang='lat' dir='ltr'><strong>belli</strong></span> <span class='ocrx_word' id='word_1_62' title='bbox 282 1277 466 1364; x_wconf 90' lang='lat' dir='ltr'><strong>pollicetur.</strong></span> <span class='ocrx_word' id='word_1_63' title='bbox 496 1279 540 1348; x_wconf 74' lang='lat' dir='ltr'><strong>bit</strong></span> <span class='ocrx_word' id='word_1_64' title='bbox 554 1289 624 1346; x_wconf 86' lang='lat' dir='ltr'><strong>erat</strong></span> <span class='ocrx_word' id='word_1_65' title='bbox 634 1280 689 1344; x_wconf 90' lang='lat' dir='ltr'><strong>bic</strong></span> <span class='ocrx_word' id='word_1_66' title='bbox 704 1279 839 1366; x_wconf 90' lang='lat' dir='ltr'><strong>quidem</strong></span> <span class='ocrx_word' id='word_1_67' title='bbox 852 1281 967 1344; x_wconf 90' lang='lat' dir='ltr'><strong>titulus</strong></span> <span class='ocrx_word' id='word_1_68' title='bbox 983 1303 1058 1344; x_wconf 92' lang='lat' dir='ltr'><strong>cum</strong></span> 
     </span>
     <span class='ocr_line' id='line_1_12' title="bbox 88 1362 1057 1446; baseline 0.004 -20"><span class='ocrx_word' id='word_1_69' title='bbox 88 1362 216 1426; x_wconf 82' lang='lat' dir='ltr'><strong>Graecis</strong></span> <span class='ocrx_word' id='word_1_70' title='bbox 240 1363 399 1444; x_wconf 71' lang='lat' dir='ltr'><strong>coeundi,</strong></span> <span class='ocrx_word' id='word_1_71' title='bbox 420 1387 460 1427; x_wconf 82' lang='lat' dir='ltr'><strong>re</strong></span> <span class='ocrx_word' id='word_1_72' title='bbox 481 1373 591 1430; x_wconf 83' lang='lat' dir='ltr'><strong>autem</strong></span> <span class='ocrx_word' id='word_1_73' title='bbox 612 1388 692 1428; x_wconf 86' lang='lat' dir='ltr'><strong>vera</strong></span> <span class='ocrx_word' id='word_1_74' title='bbox 706 1365 858 1439; x_wconf 82' lang='lat' dir='ltr'><strong>timebat,</strong></span> <span class='ocrx_word' id='word_1_75' title='bbox 882 1390 939 1446; x_wconf 91' lang='lat' dir='ltr'><strong>ne,</strong></span> <span class='ocrx_word' id='word_1_76' title='bbox 963 1367 1057 1430; x_wconf 88' lang='lat' dir='ltr'><strong>victis</strong></span> 
     </span>
     <span class='ocr_line' id='line_1_13' title="bbox 86 1447 1057 1528; baseline 0.006 -20"><span class='ocrx_word' id='word_1_77' title='bbox 86 1447 349 1528; x_wconf 72' lang='lat' dir='ltr'><strong>Atheniensibus,</strong></span> <span class='ocrx_word' id='word_1_78' title='bbox 364 1450 406 1514; x_wconf 89' lang='lat' dir='ltr'><strong>ad</strong></span> <span class='ocrx_word' id='word_1_79' title='bbox 418 1471 453 1514; x_wconf 89' lang='lat' dir='ltr'><strong>se</strong></span> <span class='ocrx_word' id='word_1_80' title='bbox 465 1449 719 1514; x_wconf 88' lang='lat' dir='ltr'><strong>Lacedaemonii</strong></span> <span class='ocrx_word' id='word_1_81' title='bbox 730 1472 822 1514; x_wconf 86' lang='lat' dir='ltr'><strong>arma</strong></span> <span class='ocrx_word' id='word_1_82' title='bbox 833 1451 1057 1516; x_wconf 83' lang='lat' dir='ltr'><strong>transferrent.</strong></span> 
     </span>
     <span class='ocr_line' id='line_1_14' title="bbox 88 1529 1087 1622; baseline 0.007 -27"><span class='ocrx_word' id='word_1_83' title='bbox 88 1529 163 1610; x_wconf 79' lang='lat' dir='ltr'><strong>Quis</strong></span> <span class='ocrx_word' id='word_1_84' title='bbox 175 1533 279 1616; x_wconf 84' lang='lat' dir='ltr'><strong>igitur</strong></span> <span class='ocrx_word' id='word_1_85' title='bbox 292 1535 443 1614; x_wconf 89' lang='lat' dir='ltr'><strong>miretur,</strong></span> <span class='ocrx_word' id='word_1_86' title='bbox 458 1543 525 1600; x_wconf 87' lang='lat' dir='ltr'><strong>tarn</strong></span> <span class='ocrx_word' id='word_1_87' title='bbox 541 1535 694 1602; x_wconf 90' lang='lat' dir='ltr'><strong>florentes</strong></span> <span class='ocrx_word' id='word_1_88' title='bbox 709 1535 963 1600; x_wconf 84' lang='lat' dir='ltr'><strong>Atheniensium</strong></span> <span class='ocrx_word' id='word_1_89' title='bbox 978 1539 1087 1622; x_wconf 82' lang='lat' dir='ltr'><strong>opes4</strong></span> 
     </span>
     <span class='ocr_line' id='line_1_15' title="bbox 88 1617 1057 1706; baseline 0.01 -30"><span class='ocrx_word' id='word_1_90' title='bbox 88 1617 200 1698; x_wconf 89' lang='lat' dir='ltr'><strong>ruisse,</strong></span> <span class='ocrx_word' id='word_1_91' title='bbox 228 1641 331 1704; x_wconf 89' lang='lat' dir='ltr'><strong>quum</strong></span> <span class='ocrx_word' id='word_1_92' title='bbox 350 1619 393 1684; x_wconf 96' lang='lat' dir='ltr'><strong>ad</strong></span> <span class='ocrx_word' id='word_1_93' title='bbox 417 1620 668 1706; x_wconf 84' lang='lat' dir='ltr'><strong>opprimendam</strong></span> <span class='ocrx_word' id='word_1_94' title='bbox 696 1643 796 1687; x_wconf 86' lang='lat' dir='ltr'><strong>unam</strong></span> <span class='ocrx_word' id='word_1_95' title='bbox 820 1621 936 1688; x_wconf 90' lang='lat' dir='ltr'><strong>urbem</strong></span> <span class='ocrx_word' id='word_1_96' title='bbox 957 1622 1057 1686; x_wconf 87' lang='lat' dir='ltr'><strong>totius</strong></span> 
     </span>
     <span class='ocr_line' id='line_1_16' title="bbox 89 1697 1057 1792; baseline 0.004 -26"><span class='ocrx_word' id='word_1_97' title='bbox 89 1697 224 1769; x_wconf 86' lang='lat' dir='ltr'><strong>Orientis</strong></span> <span class='ocrx_word' id='word_1_98' title='bbox 239 1727 332 1770; x_wconf 83' lang='lat' dir='ltr'><strong>arma</strong></span> <span class='ocrx_word' id='word_1_99' title='bbox 348 1705 606 1770; x_wconf 81' lang='lat' dir='ltr'><strong>concurrerent?</strong></span> <span class='ocrx_word' id='word_1_100' title='bbox 631 1706 706 1770; x_wconf 89' lang='lat' dir='ltr'><strong>Non</strong></span> <span class='ocrx_word' id='word_1_101' title='bbox 718 1715 827 1770; x_wconf 88' lang='lat' dir='ltr'><strong>tamen</strong></span> <span class='ocrx_word' id='word_1_102' title='bbox 838 1707 937 1770; x_wconf 89' lang='lat' dir='ltr'><strong>inerti</strong></span> <span class='ocrx_word' id='word_1_103' title='bbox 948 1728 1057 1792; x_wconf 84' lang='lat' dir='ltr'><strong>neque</strong></span> 
     </span>
     <span class='ocr_line' id='line_1_17' title="bbox 89 1785 1058 1875; baseline 0.006 -27"><span class='ocrx_word' id='word_1_104' title='bbox 89 1785 250 1853; x_wconf 87' lang='lat' dir='ltr'><strong>incruento</strong></span> <span class='ocrx_word' id='word_1_105' title='bbox 274 1789 423 1854; x_wconf 82' lang='lat' dir='ltr'><strong>cecidere</strong></span> <span class='ocrx_word' id='word_1_106' title='bbox 443 1789 548 1872; x_wconf 93' lang='lat' dir='ltr'><strong>bello,</strong></span> <span class='ocrx_word' id='word_1_107' title='bbox 575 1791 634 1856; x_wconf 89' lang='lat' dir='ltr'><strong>sed</strong></span> <span class='ocrx_word' id='word_1_108' title='bbox 655 1791 807 1875; x_wconf 88' lang='lat' dir='ltr'><strong>proeliati</strong></span> <span class='ocrx_word' id='word_1_109' title='bbox 830 1790 873 1854; x_wconf 89' lang='lat' dir='ltr'><strong>ad</strong></span> <span class='ocrx_word' id='word_1_110' title='bbox 893 1791 1058 1870; x_wconf 85' lang='lat' dir='ltr'><strong>ultimum,</strong></span> 
     </span>
     <span class='ocr_line' id='line_1_18' title="bbox 90 1871 1059 1974; baseline 0.008 -42"><span class='ocrx_word' id='word_1_111' title='bbox 90 1871 220 1936; x_wconf 83' lang='lat' dir='ltr'><strong>victores</strong></span> <span class='ocrx_word' id='word_1_112' title='bbox 241 1875 340 1941; x_wconf 84' lang='lat' dir='ltr'><strong>etiam</strong></span> <span class='ocrx_word' id='word_1_113' title='bbox 362 1875 546 1958; x_wconf 86' lang='lat' dir='ltr'><strong>interdum,</strong></span> <span class='ocrx_word' id='word_1_114' title='bbox 570 1877 756 1974; x_wconf 81' lang='lat' dir='ltr'><strong>consumpti</strong></span> <span class='ocrx_word' id='word_1_115' title='bbox 779 1877 884 1959; x_wconf 88' lang='lat' dir='ltr'><strong>magis</strong></span> <span class='ocrx_word' id='word_1_116' title='bbox 906 1876 1059 1943; x_wconf 87' lang='lat' dir='ltr'><strong>fortunae</strong></span> 
     </span>
     <span class='ocr_line' id='line_1_19' title="bbox 92 1958 1088 2046; baseline 0.008 -32"><span class='ocrx_word' id='word_1_117' title='bbox 92 1958 258 2040; x_wconf 81' lang='lat' dir='ltr'><strong>varietate,</strong></span> <span class='ocrx_word' id='word_1_118' title='bbox 276 1981 376 2046; x_wconf 86' lang='lat' dir='ltr'><strong>quam</strong></span> <span class='ocrx_word' id='word_1_119' title='bbox 392 1962 471 2027; x_wconf 88' lang='lat' dir='ltr'><strong>victi</strong></span> <span class='ocrx_word' id='word_1_120' title='bbox 486 1971 571 2028; x_wconf 89' lang='lat' dir='ltr'><strong>sunt.</strong></span> <span class='ocrx_word' id='word_1_121' title='bbox 607 1961 775 2045; x_wconf 83' lang='lat' dir='ltr'><strong>Princrpio</strong></span> <span class='ocrx_word' id='word_1_122' title='bbox 792 1959 872 2026; x_wconf 89' lang='lat' dir='ltr'><strong>belli</strong></span> <span class='ocrx_word' id='word_1_123' title='bbox 887 1982 1002 2024; x_wconf 87' lang='lat' dir='ltr'><strong>omnes</strong></span> <span class='ocrx_word' id='word_1_124' title='bbox 1017 1961 1088 2026; x_wconf 86' lang='lat' dir='ltr'><strong>ab5</strong></span> 
     </span>
     <span class='ocr_line' id='line_1_20' title="bbox 92 2037 1060 2131; baseline 0.014 -31"><span class='ocrx_word' id='word_1_125' title='bbox 92 2037 138 2103; x_wconf 88' lang='lat' dir='ltr'><strong>his</strong></span> <span class='ocrx_word' id='word_1_126' title='bbox 152 2045 246 2108; x_wconf 86' lang='lat' dir='ltr'><strong>etiam</strong></span> <span class='ocrx_word' id='word_1_127' title='bbox 262 2046 345 2112; x_wconf 88' lang='lat' dir='ltr'><strong>soeii</strong></span> <span class='ocrx_word' id='word_1_128' title='bbox 359 2047 576 2128; x_wconf 87' lang='lat' dir='ltr'><strong>desciverant,</strong></span> <span class='ocrx_word' id='word_1_129' title='bbox 592 2056 631 2110; x_wconf 93' lang='lat' dir='ltr'><strong>ut</strong></span> <span class='ocrx_word' id='word_1_130' title='bbox 643 2047 695 2111; x_wconf 82' lang='lat' dir='ltr'><strong>fit:</strong></span> <span class='ocrx_word' id='word_1_131' title='bbox 720 2067 786 2131; x_wconf 89' lang='lat' dir='ltr'><strong>quo</strong></span> <span class='ocrx_word' id='word_1_132' title='bbox 801 2068 838 2112; x_wconf 88' lang='lat' dir='ltr'><strong>se</strong></span> <span class='ocrx_word' id='word_1_133' title='bbox 850 2045 992 2128; x_wconf 86' lang='lat' dir='ltr'><strong>fortuna,</strong></span> <span class='ocrx_word' id='word_1_134' title='bbox 1009 2069 1060 2114; x_wconf 91' lang='lat' dir='ltr'><strong>eo·</strong></span> 
     </span>
     <span class='ocr_line' id='line_1_21' title="bbox 93 2123 728 2199; baseline 0.016 -13"><span class='ocrx_word' id='word_1_135' title='bbox 93 2123 157 2190; x_wconf 90' lang='lat' dir='ltr'><strong>dem</strong></span> <span class='ocrx_word' id='word_1_136' title='bbox 172 2130 269 2193; x_wconf 87' lang='lat' dir='ltr'><strong>etiam</strong></span> <span class='ocrx_word' id='word_1_137' title='bbox 283 2131 379 2196; x_wconf 83' lang='lat' dir='ltr'><strong>favor</strong></span> <span class='ocrx_word' id='word_1_138' title='bbox 393 2131 565 2197; x_wconf 89' lang='lat' dir='ltr'><strong>hominum</strong></span> <span class='ocrx_word' id='word_1_139' title='bbox 580 2132 728 2199; x_wconf 83' lang='lat' dir='ltr'><strong>inclinat.</strong></span> 
     </span>
    </p>
   </div>
   <div class='ocr_carea' id='block_1_3' title="bbox 304 2287 833 2438">
    <p class='ocr_par' dir='ltr' id='par_1_3' title="bbox 304 2287 833 2438">
     <span class='ocr_line' id='line_1_22' title="bbox 304 2287 833 2438; baseline 0 -12"><span class='ocrx_word' id='word_1_140' title='bbox 304 2367 475 2428; x_wconf 75' lang='lat' dir='ltr'><strong>Alcibiades</strong></span> <span class='ocrx_word' id='word_1_141' title='bbox 492 2287 833 2438; x_wconf 53' lang='lat' dir='ltr'><strong>aiiri‘iinssmrnem.</strong></span> 
     </span>
    </p>
   </div>
   <div class='ocr_carea' id='block_1_4' title="bbox 65 2469 1163 3668">
    <p class='ocr_par' dir='ltr' id='par_1_4' title="bbox 92 2469 1088 2809">
     <span class='ocr_line' id='line_1_23' title="bbox 146 2469 1088 2572; baseline -0.003 -38"><span class='ocrx_word' id='word_1_142' title='bbox 146 2469 337 2553; x_wconf 81' lang='lat' dir='ltr'><strong>Alcibiades</strong></span> <span class='ocrx_word' id='word_1_143' title='bbox 356 2493 489 2572; x_wconf 76' lang='lat' dir='ltr'><strong>quoque</strong></span> <span class='ocrx_word' id='word_1_144' title='bbox 507 2481 633 2538; x_wconf 86' lang='lat' dir='ltr'><strong>motum</strong></span> <span class='ocrx_word' id='word_1_145' title='bbox 655 2471 813 2538; x_wconf 79' lang='lat' dir='ltr'><strong>adversus</strong></span> <span class='ocrx_word' id='word_1_146' title='bbox 834 2472 973 2558; x_wconf 85' lang='lat' dir='ltr'><strong>patriam</strong></span> <span class='ocrx_word' id='word_1_147' title='bbox 993 2471 1088 2535; x_wconf 86' lang='lat' dir='ltr'><strong>bel-6</strong></span> 
     </span>
     <span class='ocr_line' id='line_1_24' title="bbox 92 2549 1060 2644; baseline 0.004 -28"><span class='ocrx_word' id='word_1_148' title='bbox 92 2549 153 2616; x_wconf 90' lang='lat' dir='ltr'><strong>lum</strong></span> <span class='ocrx_word' id='word_1_149' title='bbox 165 2577 233 2620; x_wconf 88' lang='lat' dir='ltr'><strong>non</strong></span> <span class='ocrx_word' id='word_1_150' title='bbox 248 2558 393 2642; x_wconf 76' lang='lat' dir='ltr'><strong>gregarii</strong></span> <span class='ocrx_word' id='word_1_151' title='bbox 407 2559 520 2624; x_wconf 85' lang='lat' dir='ltr'><strong>militis</strong></span> <span class='ocrx_word' id='word_1_152' title='bbox 535 2580 645 2644; x_wconf 82' lang='lat' dir='ltr'><strong>opera,</strong></span> <span class='ocrx_word' id='word_1_153' title='bbox 661 2558 719 2622; x_wconf 91' lang='lat' dir='ltr'><strong>sed</strong></span> <span class='ocrx_word' id='word_1_154' title='bbox 731 2557 950 2643; x_wconf 82' lang='lat' dir='ltr'><strong>imperatoriis</strong></span> <span class='ocrx_word' id='word_1_155' title='bbox 960 2557 1060 2620; x_wconf 87' lang='lat' dir='ltr'><strong>virtu·</strong></span> 
     </span>
     <span class='ocr_line' id='line_1_25' title="bbox 92 2637 1060 2730; baseline 0.005 -29"><span class='ocrx_word' id='word_1_156' title='bbox 92 2637 170 2703; x_wconf 87' lang='lat' dir='ltr'><strong>tibus</strong></span> <span class='ocrx_word' id='word_1_157' title='bbox 192 2640 346 2728; x_wconf 72' lang='lat' dir='ltr'><strong>adjuvat,</strong></span> <span class='ocrx_word' id='word_1_158' title='bbox 377 2645 501 2730; x_wconf 89' lang='lat' dir='ltr'><strong>quippe</strong></span> <span class='ocrx_word' id='word_1_159' title='bbox 523 2644 665 2728; x_wconf 87' lang='lat' dir='ltr'><strong>acceptis</strong></span> <span class='ocrx_word' id='word_1_160' title='bbox 689 2643 836 2728; x_wconf 87' lang='lat' dir='ltr'><strong>quinque</strong></span> <span class='ocrx_word' id='word_1_161' title='bbox 858 2641 1000 2706; x_wconf 86' lang='lat' dir='ltr'><strong>navibus</strong></span> <span class='ocrx_word' id='word_1_162' title='bbox 1024 2641 1060 2706; x_wconf 89' lang='lat' dir='ltr'><strong>in</strong></span> 
     </span>
     <span class='ocr_line' id='line_1_26' title="bbox 93 2723 1061 2809; baseline 0.002 -21"><span class='ocrx_word' id='word_1_163' title='bbox 93 2723 194 2788; x_wconf 85' lang='lat' dir='ltr'><strong>Asiam</strong></span> <span class='ocrx_word' id='word_1_164' title='bbox 212 2727 395 2809; x_wconf 74' lang='lat' dir='ltr'><strong>contendit,</strong></span> <span class='ocrx_word' id='word_1_165' title='bbox 421 2739 453 2794; x_wconf 88' lang='lat' dir='ltr'><strong>et</strong></span> <span class='ocrx_word' id='word_1_166' title='bbox 475 2727 667 2792; x_wconf 85' lang='lat' dir='ltr'><strong>tributarias</strong></span> <span class='ocrx_word' id='word_1_167' title='bbox 679 2727 934 2792; x_wconf 87' lang='lat' dir='ltr'><strong>Atheniensium</strong></span> <span class='ocrx_word' id='word_1_168' title='bbox 950 2727 1061 2790; x_wconf 88' lang='lat' dir='ltr'><strong>civita·</strong></span> 
     </span>
    </p>

    <p class='ocr_par' dir='ltr' id='par_1_5' title="bbox 65 2811 1163 3668">
     <span class='ocr_line' id='line_1_27' title="bbox 65 2811 1061 2897; baseline 0.01 -32"><span class='ocrx_word' id='word_1_169' title='bbox 65 2861 69 2864; x_wconf 90' lang='lat'>.</span> <span class='ocrx_word' id='word_1_170' title='bbox 92 2816 134 2870; x_wconf 86' lang='lat' dir='ltr'><strong>tes</strong></span> <span class='ocrx_word' id='word_1_171' title='bbox 149 2814 341 2878; x_wconf 84' lang='lat' dir='ltr'><strong>auctoritate</strong></span> <span class='ocrx_word' id='word_1_172' title='bbox 361 2815 504 2881; x_wconf 87' lang='lat' dir='ltr'><strong>nominis</strong></span> <span class='ocrx_word' id='word_1_173' title='bbox 526 2814 579 2878; x_wconf 87' lang='lat' dir='ltr'><strong>sui</strong></span> <span class='ocrx_word' id='word_1_174' title='bbox 593 2813 636 2878; x_wconf 91' lang='lat' dir='ltr'><strong>ad</strong></span> <span class='ocrx_word' id='word_1_175' title='bbox 653 2813 868 2878; x_wconf 83' lang='lat' dir='ltr'><strong>defectionem</strong></span> <span class='ocrx_word' id='word_1_176' title='bbox 884 2811 1061 2897; x_wconf 83' lang='lat' dir='ltr'><strong>compellit.</strong></span> 
     </span>
     <span class='ocr_line' id='line_1_28' title="bbox 93 2891 1090 2984; baseline 0.003 -29"><span class='ocrx_word' id='word_1_177' title='bbox 93 2891 152 2957; x_wconf 84' lang='lat' dir='ltr'><strong>Sed</strong></span> <span class='ocrx_word' id='word_1_178' title='bbox 170 2897 258 2983; x_wconf 85' lang='lat' dir='ltr'><strong>apud</strong></span> <span class='ocrx_word' id='word_1_179' title='bbox 272 2898 552 2970; x_wconf 82' lang='lat' dir='ltr'><strong>Lacedaemonios</strong></span> <span class='ocrx_word' id='word_1_180' title='bbox 567 2900 672 2965; x_wconf 82' lang='lat' dir='ltr'><strong>virtus</strong></span> <span class='ocrx_word' id='word_1_181' title='bbox 687 2898 872 2964; x_wconf 86' lang='lat' dir='ltr'><strong>Alcibiadis</strong></span> <span class='ocrx_word' id='word_1_182' title='bbox 887 2898 963 2984; x_wconf 90' lang='lat' dir='ltr'><strong>plus</strong></span> <span class='ocrx_word' id='word_1_183' title='bbox 978 2897 1090 2962; x_wconf 81' lang='lat' dir='ltr'><strong>invi-7</strong></span> 
     </span>
     <span class='ocr_line' id='line_1_29' title="bbox 95 2976 1163 3073; baseline 0.007 -35"><span class='ocrx_word' id='word_1_184' title='bbox 95 2976 160 3042; x_wconf 87' lang='lat' dir='ltr'><strong>diae</strong></span> <span class='ocrx_word' id='word_1_185' title='bbox 175 3005 272 3068; x_wconf 88' lang='lat' dir='ltr'><strong>quam</strong></span> <span class='ocrx_word' id='word_1_186' title='bbox 288 2985 415 3068; x_wconf 82' lang='lat' dir='ltr'><strong>gratiae</strong></span> <span class='ocrx_word' id='word_1_187' title='bbox 429 2985 601 3050; x_wconf 86' lang='lat' dir='ltr'><strong>contraxit</strong></span> <span class='ocrx_word' id='word_1_188' title='bbox 635 2985 751 3070; x_wconf 77' lang='lat' dir='ltr'><strong>Itaque</strong></span> <span class='ocrx_word' id='word_1_189' title='bbox 766 3005 869 3070; x_wconf 81' lang='lat' dir='ltr'><strong>quum</strong></span> <span class='ocrx_word' id='word_1_190' title='bbox 885 2983 1061 3068; x_wconf 87' lang='lat' dir='ltr'><strong>principes,</strong></span> <span class='ocrx_word' id='word_1_191' title='bbox 1148 3047 1163 3073; x_wconf 60' lang='lat'><strong>„</strong></span> 
     </span>
     <span class='ocr_line' id='line_1_30' title="bbox 96 3061 1061 3154; baseline 0.004 -29"><span class='ocrx_word' id='word_1_192' title='bbox 96 3061 178 3131; x_wconf 87' lang='lat' dir='ltr'><strong>velut</strong></span> <span class='ocrx_word' id='word_1_193' title='bbox 198 3069 364 3139; x_wconf 83' lang='lat' dir='ltr'><strong>aemulum</strong></span> <span class='ocrx_word' id='word_1_194' title='bbox 387 3070 513 3154; x_wconf 82' lang='lat' dir='ltr'><strong>gloriae</strong></span> <span class='ocrx_word' id='word_1_195' title='bbox 528 3091 624 3150; x_wconf 88' lang='lat' dir='ltr'><strong>sune,</strong></span> <span class='ocrx_word' id='word_1_196' title='bbox 648 3068 912 3134; x_wconf 88' lang='lat' dir='ltr'><strong>interficiendum</strong></span> <span class='ocrx_word' id='word_1_197' title='bbox 932 3067 1061 3130; x_wconf 89' lang='lat' dir='ltr'><strong>insidiis</strong></span> 
     </span>
     <span class='ocr_line' id='line_1_31' title="bbox 96 3149 1061 3240; baseline 0 -26"><span class='ocrx_word' id='word_1_198' title='bbox 96 3149 313 3235; x_wconf 77' lang='lat' dir='ltr'><strong>mandassent,</strong></span> <span class='ocrx_word' id='word_1_199' title='bbox 334 3159 466 3240; x_wconf 83' lang='lat' dir='ltr'><strong>cognite</strong></span> <span class='ocrx_word' id='word_1_200' title='bbox 481 3178 517 3220; x_wconf 92' lang='lat' dir='ltr'><strong>re</strong></span> <span class='ocrx_word' id='word_1_201' title='bbox 532 3155 722 3220; x_wconf 83' lang='lat' dir='ltr'><strong>Alcibiades</strong></span> <span class='ocrx_word' id='word_1_202' title='bbox 738 3153 780 3218; x_wconf 87' lang='lat' dir='ltr'><strong>ad</strong></span> <span class='ocrx_word' id='word_1_203' title='bbox 795 3151 1061 3236; x_wconf 77' lang='lat' dir='ltr'><strong>Tissaphernem,</strong></span> 
     </span>
     <span class='ocr_line' id='line_1_32' title="bbox 97 3235 1063 3326; baseline 0.002 -28"><span class='ocrx_word' id='word_1_204' title='bbox 97 3237 283 3310; x_wconf 82' lang='lat' dir='ltr'><strong>praefectum</strong></span> <span class='ocrx_word' id='word_1_205' title='bbox 300 3240 395 3304; x_wconf 88' lang='lat' dir='ltr'><strong>Darii</strong></span> <span class='ocrx_word' id='word_1_206' title='bbox 409 3243 513 3324; x_wconf 82' lang='lat' dir='ltr'><strong>regis,</strong></span> <span class='ocrx_word' id='word_1_207' title='bbox 528 3241 690 3326; x_wconf 86' lang='lat' dir='ltr'><strong>profugit,</strong></span> <span class='ocrx_word' id='word_1_208' title='bbox 711 3240 764 3304; x_wconf 86' lang='lat' dir='ltr'><strong>cai</strong></span> <span class='ocrx_word' id='word_1_209' title='bbox 780 3260 815 3302; x_wconf 89' lang='lat' dir='ltr'><strong>se</strong></span> <span class='ocrx_word' id='word_1_210' title='bbox 829 3237 980 3304; x_wconf 82' lang='lat' dir='ltr'><strong>celeriter</strong></span> <span class='ocrx_word' id='word_1_211' title='bbox 995 3235 1063 3300; x_wconf 84' lang='lat' dir='ltr'><strong>offi-</strong></span> 
     </span>
     <span class='ocr_line' id='line_1_33' title="bbox 97 3316 1091 3412; baseline 0.009 -37"><span class='ocrx_word' id='word_1_212' title='bbox 97 3316 135 3379; x_wconf 91' lang='lat' dir='ltr'><strong>cii</strong></span> <span class='ocrx_word' id='word_1_213' title='bbox 155 3325 301 3390; x_wconf 80' lang='lat' dir='ltr'><strong>comitate</strong></span> <span class='ocrx_word' id='word_1_214' title='bbox 323 3334 357 3392; x_wconf 91' lang='lat' dir='ltr'><strong>et</strong></span> <span class='ocrx_word' id='word_1_215' title='bbox 378 3325 583 3412; x_wconf 86' lang='lat' dir='ltr'><strong>obsequendi</strong></span> <span class='ocrx_word' id='word_1_216' title='bbox 613 3326 719 3410; x_wconf 83' lang='lat' dir='ltr'><strong>gratia</strong></span> <span class='ocrx_word' id='word_1_217' title='bbox 745 3323 937 3390; x_wconf 81' lang='lat' dir='ltr'><strong>insinuavit.</strong></span> <span class='ocrx_word' id='word_1_218' title='bbox 983 3321 1091 3386; x_wconf 77' lang='lat' dir='ltr'><strong>Eratss</strong></span> 
     </span>
     <span class='ocr_line' id='line_1_34' title="bbox 98 3404 1064 3496; baseline 0.003 -27"><span class='ocrx_word' id='word_1_219' title='bbox 98 3404 177 3468; x_wconf 69' lang='lat' dir='ltr'><strong>enim</strong></span> <span class='ocrx_word' id='word_1_220' title='bbox 191 3412 351 3479; x_wconf 78' lang='lat' dir='ltr'><strong>etaetatis</strong></span> <span class='ocrx_word' id='word_1_221' title='bbox 365 3410 445 3476; x_wconf 85' lang='lat' dir='ltr'><strong>flore</strong></span> <span class='ocrx_word' id='word_1_222' title='bbox 460 3421 493 3478; x_wconf 90' lang='lat' dir='ltr'><strong>et</strong></span> <span class='ocrx_word' id='word_1_223' title='bbox 507 3411 634 3479; x_wconf 83' lang='lat' dir='ltr'><strong>formae</strong></span> <span class='ocrx_word' id='word_1_224' title='bbox 647 3407 913 3496; x_wconf 88' lang='lat' dir='ltr'><strong>pulchritudine,</strong></span> <span class='ocrx_word' id='word_1_225' title='bbox 928 3429 992 3474; x_wconf 85' lang='lat' dir='ltr'><strong>nec</strong></span> <span class='ocrx_word' id='word_1_226' title='bbox 1005 3407 1064 3472; x_wconf 83' lang='lat' dir='ltr'><strong>mi·</strong></span> 
     </span>
     <span class='ocr_line' id='line_1_35' title="bbox 98 3489 1064 3580; baseline 0.007 -30"><span class='ocrx_word' id='word_1_227' title='bbox 98 3490 351 3580; x_wconf 70' lang='lat' dir='ltr'><strong>praeloquentia</strong></span> <span class='ocrx_word' id='word_1_228' title='bbox 371 3498 469 3564; x_wconf 78' lang='lat' dir='ltr'><strong>etiam</strong></span> <span class='ocrx_word' id='word_1_229' title='bbox 485 3496 572 3561; x_wconf 88' lang='lat' dir='ltr'><strong>inter</strong></span> <span class='ocrx_word' id='word_1_230' title='bbox 586 3496 805 3562; x_wconf 88' lang='lat' dir='ltr'><strong>Athenienses</strong></span> <span class='ocrx_word' id='word_1_231' title='bbox 825 3493 980 3577; x_wconf 68' lang='lat' dir='ltr'><strong>insignis,</strong></span> <span class='ocrx_word' id='word_1_232' title='bbox 1006 3489 1064 3557; x_wconf 88' lang='lat' dir='ltr'><strong>sed</strong></span> 
     </span>
     <span class='ocr_line' id='line_1_36' title="bbox 98 3578 1064 3668; baseline -0.001 -30"><span class='ocrx_word' id='word_1_233' title='bbox 98 3589 128 3632; x_wconf 81' lang='lat'><strong>111</strong></span> <span class='ocrx_word' id='word_1_234' title='bbox 143 3579 350 3646; x_wconf 84' lang='lat' dir='ltr'><strong>conciliandis</strong></span> <span class='ocrx_word' id='word_1_235' title='bbox 373 3582 542 3663; x_wconf 83' lang='lat' dir='ltr'><strong>amicitiis,</strong></span> <span class='ocrx_word' id='word_1_236' title='bbox 565 3603 665 3668; x_wconf 87' lang='lat' dir='ltr'><strong>quarn</strong></span> <span class='ocrx_word' id='word_1_237' title='bbox 685 3581 720 3644; x_wconf 91' lang='lat' dir='ltr'><strong>in</strong></span> <span class='ocrx_word' id='word_1_238' title='bbox 736 3578 917 3644; x_wconf 90' lang='lat' dir='ltr'><strong>retinendis</strong></span> <span class='ocrx_word' id='word_1_239' title='bbox 932 3578 985 3642; x_wconf 89' lang='lat' dir='ltr'><strong>vir</strong></span> <span class='ocrx_word' id='word_1_240' title='bbox 999 3597 1064 3638; x_wconf 79' lang='lat' dir='ltr'><strong>me</strong></span> 
     </span>
    </p>
   </div>
   <div class='ocr_carea' id='block_1_5' title="bbox 0 0 1356 4244">
    <p class='ocr_par' dir='ltr' id='par_1_6' title="bbox 0 0 1356 4244">
     <span class='ocr_line' id='line_1_37' title="bbox 0 0 1356 4244; baseline 0 0"><span class='ocrx_word' id='word_1_241' title='bbox 0 0 1356 4244; x_wconf 95' lang='lat' dir='ltr'><strong> </strong></span> 
     </span>
    </p>
   </div>
  </div>
 </body>
</html>
