2666 4246
256 335 314 396 1⁰8
542 336 683 387 JUSTINI
701 335 949 388 micronianum

256 502 376 569 cereul,
404 503 515 554 contra
537 509 615 568 quos
635 507 725 550 ormo
739 495 961 568 sumpsissent;
982 511 1045 553 noa
1068 497 1137 554 illos
1151 497 1225 554 Per-

254 596 319 653 ror,
342 579 401 638 sed
414 579 618 651 Macedones,
634 594 697 636 nou
711 579 826 651 hostes,
840 579 900 636 sed
913 581 997 638 ciues
1012 597 1090 654 esse,
1109 583 1226 654 pleros·

256 682 317 742 que
339 668 430 726 etiam
452 670 605 740 coonolos
627 679 740 737 eorum,
765 671 850 724 cerie
863 667 1101 737 commilitones,
1123 682 1227 726 eomu-

256 752 323 811 dem
353 759 524 810 castrorum
556 765 596 808 cc
617 751 833 824 periculorum
860 752 986 819 socios;
1013 752 1152 810 edituros
1172 751 1227 809 de·

257 837 329 896 lude
352 837 508 910 eoreoium
530 835 671 894 torribus
692 836 759 893 ruis
780 837 1007 908 spectaculum,
1031 842 1080 908 ui,
1103 851 1226 910 quorum

206 929 211 968 t
257 925 354 980 sirmis
375 922 473 980 ciclos
494 935 529 980 se
550 920 691 991 doleant,
720 935 826 978 corum
849 923 962 978 mutuis
983 923 1136 980 coedibus
1155 937 1229 995 pou·
1312 917 1313 996 ξ

257 1007 371 1076 deonl,·
386 1012 674 1079 por-eniolurosque
695 1006 850 1079 sououine
868 1021 927 1065 suo
943 1007 1088 1065 monibus
1102 1007 1228 1066 toslium
1312 1023 1313 1078 3

259 1108 278 1152 o
299 1107 335 1151 re
357 1089 600 1164 interfectorum.
1310 1079 1313 1148 l

336 1322 501 1380 Alexandri
519 1321 609 1378 duces
624 1235 897 1388 prffidpyffl
914 1335 947 1376 sc
964 1321 1154 1390 partiuntur.

208 1433 248 1492 15
322 1426 413 1492 Haec
438 1447 540 1511 quum
564 1445 624 1510 pro
647 1423 809 1509 singulari
829 1423 987 1488 facundia
1000 1447 1063 1488 sua
1076 1426 1235 1491 Perdicca
1313 1439 1314 1508 l

257 1521 458 1599 perorasset,
487 1510 569 1574 adeo
591 1511 695 1574 movit
713 1507 857 1594 pedites,
879 1519 925 1590 ut,
940 1509 1079 1596 probato
1095 1512 1232 1578 consilio
1313 1571 1314 1578 ,

259 1599 339 1686 ejus,
356 1596 425 1661 dux
439 1595 481 1660 ab
497 1594 650 1660 omnibus
665 1594 839 1679 legeretur.
871 1594 956 1658 Tum
972 1596 1100 1680 equites
1113 1598 1148 1660 in
1161 1619 1233 1662 cou-

257 1682 402 1748 cordiam
436 1681 581 1745 revocati
612 1680 646 1744 in
670 1679 851 1744 Aridaeum
874 1701 985 1764 regem
1013 1684 1233 1748 consentiunt.

256 1768 395 1836 Servata
410 1775 459 1832 est
472 1764 579 1854 portio
594 1765 689 1850 regni
703 1764 885 1829 Alexandri
896 1765 975 1848 filio,
990 1767 1127 1832 sinatus
1139 1777 1232 1832 esset.

256 1853 349 1920 Haec
364 1851 519 1938 egebant,
533 1851 640 1937 posito
655 1851 690 1914 in
706 1850 816 1914 medio
832 1869 967 1936 corpore
982 1850 1183 1934 Alexandri,
1198 1862 1234 1916 ut
1314 1913 1315 1926 ,

207 1945 246 2004 16
257 1939 409 2026 majestas
425 1938 495 2024 ejus
510 1937 602 2001 testis
619 1933 822 2000 decretorum
840 1943 936 2000 esset.
966 1935 1028 2000 His
1043 1937 1090 2000 ita
1105 1959 1234 2025 compo·
1314 1935 1315 2006 l

212 2035 216 2076 7
257 2025 340 2104 sitis,
359 2021 573 2088 Macedoniae
595 2027 628 2084 et
641 2020 801 2086 Graeciae
815 2020 990 2110 Antipater
1002 2024 1234 2110 praeponitur3
1314 2025 1315 2038 ¹

257 2109 369 2194 regiae
384 2108 544 2194 pecuniae
560 2105 709 2172 custodia
721 2105 855 2170 Cratero
871 2107 1025 2190 traditum
1042 2121 1235 2189 castrorum,

257 2195 421 2259 exercitus
442 2200 476 2256 et
497 2213 607 2259 rerum
629 2213 708 2255 cura
727 2189 897 2276 Meleagro
916 2201 949 2256 et
963 2192 1140 2258 Perdiccae
1156 2195 1236 2258 assi-

280 2286 391 2361 natur3
401 2276 539 2365 jubetur
563 2298 606 2340 ue
620 2275 783 2340 Aridaeus
797 2298 858 2340 rex
869 2297 988 2364 corpus
1000 2277 1184 2342 Alexandri
1199 2280 1234 2342 in
1315 2301 1316 2360 p

207 2373 246 2430 17
291 2364 453 2428 ammonis
468 2299 628 2449 temdum
644 2361 817 2427 deducere.
848 2362 945 2425 Tunc
958 2359 1117 2428 Perdicca
1130 2364 1236 2428 infen—
1315 2361 1316 2378 ¹

257 2471 314 2514 sus
337 2449 506 2534 seditionis
522 2447 723 2529 auctoribus,
739 2455 886 2534 repente,
901 2448 1017 2533 ignaro
1034 2447 1171 2533 collega,
1188 2449 1237 2513 lu*-

257 2535 447 2602 strationem
466 2542 648 2598 caenosum
669 2542 804 2619 propter
824 2542 960 2597 momem
977 2534 1064 2617 regis
1078 2534 1113 2597 in
1128 2543 1237 2619 poste·

255 2643 328 2686 rum
346 2619 453 2686 edicit.
498 2619 676 2706 Postquam
693 2627 855 2683 armatum
871 2616 1052 2682 exercitum
1067 2619 1102 2682 in
1118 2641 1237 2703 campo

257 2707 438 2786 constituit,
461 2713 614 2768 evocatos
637 2703 680 2768 de
702 2704 751 2768 sin
778 2703 843 2768 ulis
863 2703 1042 2788 manipulis
1063 2703 1237 2768 seditiosos

206 2789 420 2892 lltsupplicio
441 2787 546 2869 tradi,
567 2788 695 2856 occulte
716 2727 822 2875 judei.
859 2788 1026 2853 Reversus
1048 2789 1127 2853 inde
1148 2791 1238 2852 inter

256 2878 424 2963 principes
448 2875 637 2958 provincias
653 2875 779 2940 dividit.
810 2874 999 2940 Ptolemaeo
1014 2875 1188 2960 Aegyptus
1203 2884 1238 2937 et

256 2961 390 3027 Africae
403 2959 613 3046 Arabiaeque
628 2981 705 3048 pars
720 2969 807 3024 sorte
822 2963 929 3042 venit,
946 2977 1104 3046 quamam
1120 2981 1236 3046 grega-

256 3048 304 3112 rio
320 3046 432 3112 milite
441 3044 632 3113 Alexander
645 3047 776 3110 virtutis
791 3067 892 3110 causa
905 3054 1112 3130 provexerat.
1149 3044 1235 3110 Onu·

257 3131 355 3199 finem
368 3132 447 3196 huic
457 3131 648 3219 provinciae
658 3131 789 3217 Syriam
801 3130 991 3196 Laomedon
1001 3131 1235 3281 Mitplppaeus,

256 3217 437 3306 Phrygiam
460 3219 616 3282 ma‘orcm
637 3217 846 3303 Antigonus,
875 3217 1036 3280 minorem
1134 3225 1234 3280 natus

257 3306 327 3370 acci
352 3309 434 3368 iunt.
476 3241 620 3367 Tdraeia
644 3313 677 3366 et
700 3325 736 3367 re
761 3304 853 3366 ‘ones
868 3303 996 3367 Pontici
1018 3304 1119 3366 maris
1139 3301 1235 3387 Lysi-

257 3413 311 3454 ma
342 3413 390 3471 ιο,
415 3387 627 3475 Cappadocia
648 3411 723 3452 eum
767 3387 969 3474 aphlagonia
982 3387 1126 3451 Eumeni
1147 3386 1234 3453 data.

208 3475 383 3540 mensus
407 3495 539 3561 quoque
560 3471 742 3560 provinciis
764 3472 889 3559 singuli
910 3473 1077 3560 principes
1096 3477 1234 3559 praepa

256 3569 395 3641 uuntur,
425 3581 566 3646 quorum
591 3559 727 3645 plurimi
749 3580 816 3623 non
838 3579 959 3644 magno
980 3567 1055 3644 post
1075 3567 1233 3644 tempore,

241 3661 262 3700 ο
