2658 4244
528 377 637 428 LIBER
655 378 691 428 Il.
1078 379 1098 440 δ

115 525 201 610 jecto
217 523 339 588 deinde
353 531 509 609 tempore,
526 548 628 611 quum
640 527 839 593 adolevisset
851 529 969 614 Cyrus,
985 531 1098 598 dolore
1183 527 1187 536 ¹

121 609 267 674 orbitatis
283 608 480 691 admonitus,
504 611 619 676 scribit
633 614 681 694 ei,
706 628 739 678 at
754 621 917 693 ablegatus
933 625 965 682 r'rr
981 624 1098 684 Persas

120 701 157 760 ab
181 717 240 760 avo
260 701 375 772 suerit,
405 708 439 758 ut
459 704 565 762 occidi
586 720 654 764 eum
669 707 838 777 parvulum
861 723 938 766 oeus
952 709 1097 781 sumeris,

120 792 151 844 ut
178 786 331 858 beneficio
354 801 411 844 seo
435 796 577 847 servatas
598 791 648 860 sit,
673 799 706 850 ut
726 807 831 864 repent
855 792 1038 868 offenderit,
1066 803 1100 854 ut

117 873 213 941 filium
236 873 385 931 amiserit.
424 864 594 948 Hortatur,
617 878 787 934 exercitam
806 885 901 948 peret
923 886 1098 950 ermonem

26 1017 28 1020 ,
120 956 162 1014 od
182 971 310 1029 regnem
333 960 414 1015 oium
437 959 650 1030 remediatur,
674 953 848 1018 Medorum
870 958 1097 1024 transitionem

118 1033 295 1122 pollicitus.
329 1034 489 1120 Epistola,
529 1038 585 1100 uia
598 1039 709 1123 palam
724 1040 802 1106 ferri
817 1041 987 1126 nequibat,
1010 1045 1148 1128 regis12

119 1119 327 1184 custodibus·
345 1141 458 1184 omnes
491 1143 510 1184 a
536 1121 600 1186 'tus
631 1123 874 1204 obsidentibus,
908 1136 1097 1194 exenterato

119 1205 147 1270 le
172 1207 223 1270 ori
245 1207 418 1284 inseritur,
450 1204 545 1290 lepus
572 1229 612 1284 us
634 1210 669 1272 in
691 1209 808 1274 Persas
832 1210 919 1294 Cyro
941 1211 1097 1279 ferendus

119 1229 182 1356 fido
207 1313 303 1356 servo
326 1292 483 1374 traditur;
507 1229 621 1358 addita
641 1303 719 1360 sunt
740 1295 835 1374 retia,
859 1306 896 1358 ut
910 1297 972 1362 sub
987 1299 1098 1385 speeie

118 1377 283 1442 venatoris
300 1375 395 1442 dolus
410 1377 534 1442 lateret.

260 1687 262 1691 Ι
348 1617 442 1686 cyrus
459 1533 733 1688 ssmlssbilgno
751 1617 875 1687 spoliat.

180 1719 292 1784 Lectis
312 1719 370 1783 ille
395 1720 542 1804 epistolis
559 1722 674 1785 eadem
690 1723 817 1788 somnio
834 1722 972 1806 aggredi
982 1723 1097 1808 jussus
1109 1733 1147 1788 13

120 1813 181 1886 est,
204 1803 262 1868 sed
283 1807 518 1890 praemonitus,
541 1815 587 1886 ut,
612 1827 710 1890 quem
731 1808 875 1892 primum
898 1817 1029 1891 postera
1043 1806 1097 1870 die

120 1889 254 1954 obvium
271 1889 449 1972 habuisset,
465 1892 591 1956 socium
606 1893 730 1977 coeptis
747 1901 935 1962 assumeret.
980 1891 1097 1978 Itaque
1109 1901 1148 1958 14

120 1975 316 2039 antelucano
346 1984 492 2061 tempore
520 1978 582 2040 iter
610 1977 793 2060 ingressus,
824 1975 959 2040 obvium
981 1975 1098 2041 habuit

120 2081 251 2123 servum
263 2060 304 2124 de
316 2060 482 2144 ergastulo
491 2061 662 2148 cujusdam
671 2061 769 2140 Medi,
783 2063 915 2125 nomine
925 2062 1095 2148 Sybarem.

120 2143 228 2231 Hujus
243 2146 404 2230 requisita
419 2147 555 2230 origine,
572 2154 609 2210 ut
623 2147 658 2209 in
669 2145 779 2210 Persis
794 2149 943 2231 genitum
960 2147 1096 2228 audivit,

120 2229 260 2315 demptis
277 2229 492 2314 compedibus
509 2240 675 2316 assumpto
702 2253 743 2296 ue
759 2233 878 2296 comite
892 2231 1096 2317 Persepolim
1145 2269 1147 2276 ,

119 2315 313 2400 regreditur.
335 2315 388 2379 lbi
399 2325 578 2380 convocato
590 2254 714 2402 populo
720 2316 827 2403 jubet,
840 2339 953 2381 omues
965 2329 1096 2403 praesto
1108 2326 1147 2383 15

121 2423 194 2464 cum
210 2399 387 2478 securibus,
399 2423 470 2466 esse
486 2410 519 2467 et
533 2401 650 2465 silvam
666 2403 741 2466 viae
757 2401 994 2466 circumdatam
1010 2403 1098 2466 exci-
1188 2453 1190 2458 .

120 2483 205 2550 dere.
238 2485 336 2564 Quod
359 2508 461 2571 quum
482 2495 613 2550 strenue
634 2485 802 2567 fecissent,
820 2487 952 2550 eosdem
966 2493 1098 2572 postera

120 2569 172 2634 die
200 2571 366 2656 apparatis
390 2571 496 2656 epulis
518 2571 652 2652 invitat3
676 2571 812 2652 deinde,
837 2593 939 2657 quum
962 2570 1097 2634 alacrio-

119 2677 170 2720 res
193 2657 265 2741 ipso
288 2656 440 2744 convivio
463 2657 566 2720 factos
589 2656 729 2738 videret,
759 2667 869 2741 rogat,
897 2665 927 2721 si
950 2663 1096 2723 condicio

116 2753 325 2820 proponatur,
347 2745 447 2806 errius
469 2750 552 2806 vitae
572 2756 686 2806 sortem
709 2749 822 2821 tepent,
846 2749 985 2806 hesterni
1006 2748 1096 2806 lebo-

119 2833 165 2892 rs's
192 2846 233 2890 en
255 2835 471 2904 praesentiam
498 2833 680 2906 epulorum?
721 2834 951 2905 Praesentiem,
982 2836 1019 2890 ut
1046 2847 1097 2890 ac-

120 2910 305 2975 clamavere
328 2933 457 2992 omnes,
486 2912 546 2976 ait:
574 2917 725 2976 Hesterno
752 2919 882 2978 similem
905 2919 1010 2977 labori
1031 2933 1095 2974 om-

119 3018 186 3062 nem
209 3003 303 3061 vitem
325 3008 466 3074 eeteros,
490 3004 598 3076 quoad
617 3003 719 3062 Medis
733 3010 883 3075 pareant,
906 3008 1097 3074 sescentos,

119 3087 282 3147 hodiernis
304 3087 412 3160 epulis.
450 3081 561 3146 Laetis
585 3081 749 3163 omnibus,
771 3081 879 3154 Medis
901 3080 1026 3146 bellum
1048 3081 1098 3144 iu-

119 3165 191 3230 iort.
220 3167 386 3250 Astyages
402 3168 511 3230 meriti
526 3169 579 3231 sui
593 3168 629 3230 in
644 3167 839 3251 Harpagum
855 3166 994 3247 oblitus,
1011 3183 1097 3229 sum·
1109 3174 1148 3232 16

120 3271 206 3315 marn
226 3251 307 3315 belli
328 3250 435 3316 eidem
451 3251 636 3333 committit,
653 3253 711 3339 qui
726 3253 908 3316 exercitum
924 3259 1097 3334 acceptum

120 3337 228 3400 statim
246 3337 334 3420 Cyro
377 3359 413 3400 or
426 3337 647 3422 proditionem
662 3336 799 3402 tradidit
812 3337 900 3420 rogis
926 3359 968 3400 ue
984 3335 1097 3399 crude-

120 3419 245 3486 litatem
281 3443 323 3506 pe
367 3423 422 3488 dia
458 3421 648 3488 defectionis
679 3422 859 3486 ulciscitur.
904 3359 1010 3501 tlduod
1039 3419 1149 3486 ubist

119 3507 283 3593 Astyages
303 3507 447 3588 audivit,
464 3508 639 3574 contractis
654 3507 802 3593 undique
818 3505 960 3584 auxiliis,
976 3507 1097 3590 ipsein
1179 3575 1182 3582 ,

120 3589 236 3658 Persas
266 3591 499 3677 proficiscitur,
529 3601 562 3666 et
583 3594 721 3677 repetito
744 3591 887 3656 alacrius
910 3591 1099 3671 certamino,
