2666 4246
463 345 572 397 LIBER
589 347 689 398 xvnr.
1006 344 1065 406 113

97 517 220 561 suerum
248 496 399 576 induxit,
426 505 464 566 ut
489 496 579 560 ultro
609 495 735 560 bellum
762 517 875 562 omnes
897 498 1065 562 hortaren-

99 592 153 662 tur,
168 591 421 661 rercr’ssurorque
441 605 476 646 se
495 589 584 662 ferro
608 589 735 646 decreto
759 589 964 648 Macedonum
980 583 1065 648 affir-

98 673 221 730 marent.
252 668 348 731 Tunc
364 667 511 730 exercitu
522 669 557 730 in
570 666 719 730 Aeoliam
731 677 890 754 promote,
905 671 1093 754 pecunies2

97 753 273 816 civitatibus
289 754 446 836 imperet,
462 762 652 816 recusantes
670 751 748 814 dare
764 751 925 818 hostiliter
941 753 1063 838 diripit.

98 837 169 900 lude
194 837 306 902 Sardis
332 837 500 923 profectus
526 845 575 901 est
600 837 643 900 ad
666 835 891 923 Cleopatram,
920 859 1064 902 sororem

97 921 269 986 Alexandri
282 923 412 1006 Magni,
428 931 465 986 ut
480 922 551 1008 ejus
565 943 646 985 voce
662 924 871 987 centuriones
885 924 1064 1009 principes·

97 1029 153 1092 que
164 1009 452 1090 confirmarentur3
468 1007 598 1093 putavit
609 1008 696 1070 enim
708 1007 886 1090 Eumenes,
899 1009 1063 1072 existima

96 1101 176 1156 turos
202 1093 292 1174 illos,
313 1093 360 1157 ibi
382 1095 586 1156 ma'estatem
608 1095 734 1176 regiam
749 1095 851 1173 verti,
867 1093 956 1158 unde
973 1115 1064 1158 soror

95 1176 266 1242 Alexandri
283 1187 390 1244 steret.
418 1117 524 1240 ilanta
532 1170 701 1242 veneratio
716 1178 955 1264 magnitudinis
963 1178 1063 1242 Alex·
1099 1244 1102 1258 ,

95 1263 180 1326 andri
203 1272 288 1346 erat,
311 1272 348 1326 ut
370 1265 468 1326 etiem
483 1284 543 1348 per
557 1264 699 1348 vestigia
713 1263 889 1328 mulierum
905 1264 1000 1328 favor
1014 1281 1063 1326 sa·

95 1349 168 1410 creti
183 1349 252 1434 ejus
268 1348 411 1412 nominis
429 1356 651 1434 quaereretur.
685 1347 796 1427 Quum
810 1370 965 1412 reversus
977 1357 1091 1415 esset3

94 1432 125 1494 in
139 1446 256 1514 castra,
277 1433 435 1519 epistolae
450 1433 526 1496 totis
543 1435 657 1498 castris
673 1433 819 1518 abjectae
835 1435 1062 1513 inveniuntur,

95 1518 204 1602 quibus
220 1520 274 1599 iis,
289 1520 346 1604 qui
362 1518 521 1594 Eumenis
538 1539 578 1580 ce
602 1528 637 1580 ut
652 1519 693 1582 ad
706 1520 912 1604 Antigonum
929 1518 1063 1583 detulis-

94 1615 173 1683 sent,
202 1626 325 1689 magne
350 1605 498 1689 praemia
529 1541 780 1674 deEniebantur.
826 1605 888 1668 His
911 1605 1061 1688 cognitio,

93 1687 250 1752 Eumenes
271 1690 396 1752 vocatis
420 1689 462 1752 ad
482 1688 675 1752 nonnionem
690 1689 852 1754 militibus
867 1690 974 1774 primo
990 1710 1061 1773 gra·

93 1774 149 1836 ties
164 1775 238 1858 agit,
255 1773 345 1859 quod
360 1793 458 1838 nemo
471 1774 627 1837 inventus
643 1783 739 1853 essct,
755 1775 813 1860 qui
829 1797 921 1858 spem
933 1773 1061 1837 cruenti

91 1861 221 1942 praemii
242 1859 321 1924 fidei
345 1857 542 1922 sacramenti
557 1868 785 1944 anteponerem
806 1859 925 1922 deinde
942 1857 1061 1921 callide

93 1942 264 2024 subnectit,
289 1943 445 2008 confictas
466 1965 537 2008 esse
564 1966 584 2006 a
603 1964 639 2006 se
659 1942 719 2006 hes
736 1943 890 2027 epistolas
906 1943 948 2006 ad
965 1963 1062 2026 expe·

92 2028 218 2093 riundos
231 2051 364 2093 suorum
380 2027 515 2092 animos.
547 2027 620 2091 Hoc
636 2028 721 2092 facto
738 2038 771 2090 et
785 2029 819 2091 in
834 2030 1001 2113 praesenti
1017 2026 1090 2093 let-4

93 2111 236 2178 bantium
256 2117 383 2178 animos
400 2113 567 2194 deterruit,
584 2123 617 2177 et
631 2113 666 2176 in
682 2113 828 2177 futurum
843 2113 998 2200 providit,
1015 2121 1060 2193 ut,

91 2197 215 2283 siquid
237 2198 346 2264 simile
366 2199 555 2278 occidisset,
575 2220 643 2264 non
665 2198 708 2262 eb
723 2199 816 2264 hoste
832 2221 867 2262 se
882 2198 1060 2282 corrumpi,

89 2282 145 2345 sed
165 2307 184 2346 a
205 2283 288 2347 duce
308 2285 428 2346 tentari
444 2283 691 2348 arbitrarentur.
729 2283 853 2350 Omnes
870 2285 972 2369 igitur
987 2305 1060 2368 ope-

90 2389 155 2432 rum
171 2391 262 2434 suem
280 2370 427 2432 certatim
443 2368 486 2432 ad
501 2368 683 2433 custodiam
696 2369 811 2434 salutis
823 2369 894 2456 ejus
908 2369 1058 2432 offerunt.

104 2605 243 2662 Eumenes
262 2607 299 2662 eb
318 2607 467 2672 Antigono
485 2521 583 2662 viidie
600 2515 638 2659 iil
656 2595 876 2675 Argyraspidas
894 2604 1041 2659 decurrite

146 2709 282 2773 Interim
304 2710 491 2794 Antigonus
514 2731 589 2774 cum
612 2713 760 2774 exercitu
780 2709 986 2794 supervenit,
1010 2716 1089 2774 eoo

28 2795 29 2798 ’
90 2794 224 2882 strisque
244 2796 375 2881 positis,
397 2805 528 2879 postera
550 2795 602 2860 die
624 2797 660 2858 in
684 2795 787 2859 aciem
803 2794 960 2880 procedit
991 2793 1061 2857 Nec

91 2877 249 2944 Eumenes
278 2903 404 2944 moram
434 2879 559 2966 proelio
582 2880 676 2963 fecit3
707 2881 814 2944 victus
836 2882 872 2944 in
895 2881 1059 2944 munitum
1105 2871 1199 2944 Χ320.

90 2965 248 3050 quoddam
282 2965 455 3030 castellum
477 2965 637 3050 confugit,
675 2965 732 3030 ubi
755 2967 912 3030 me'orem
936 2965 1059 3042 exerci-
1158 3000 1159 3003 =

90 3057 136 3114 tus
151 3061 276 3135 partem
292 3049 425 3132 dimisit,
441 3073 485 3115 ne
500 3059 557 3115 aut
567 3073 730 3115 consensu
742 2985 964 3115 multitudinis
975 3048 1061 3112 hosti

89 3135 282 3217 traderetur,
305 3146 363 3200 aut
385 3136 511 3200 obsidio
533 3137 607 3221 ipsa
628 3135 840 3200 multitudine
855 3145 1058 3218 gravaretur.

89 3218 367 3306 Legatosdeiude
390 3221 432 3286 ad
454 3221 677 3306 Antipatrum,
701 3221 758 3306 qui
779 3220 869 3284 solus
891 3241 953 3304 par
966 3219 1060 3282 Anti-

90 3310 160 3389 goni
175 3307 305 3372 viribus
321 3305 508 3388 videbatur,
522 3306 688 3393 supplices
704 3306 816 3388 mittit3
839 3327 860 3368 a
875 3326 940 3390 quo
957 3326 1059 3390 quum

89 3392 207 3456 auxilie
230 3389 374 3458 Eumeni
396 3394 497 3476 missa
512 3413 594 3472 esse,
615 3392 803 3474 Antigonus
820 3389 996 3469 didicisset,
1018 3389 1059 3454 ab

90 3475 254 3541 obsidione
275 3479 418 3544 recessit.
455 3473 538 3542 Erat
584 3476 693 3540 uidem
717 3474 843 3538 solutus
866 3474 908 3538 ad
931 3484 1088 3561 tempus6

89 3573 170 3626 metu
192 3559 305 3627 mortis
329 3557 507 3646 Eumenes,
529 3501 587 3628 sed
609 3585 672 3626 nec
686 3560 801 3626 salutis
818 3559 953 3624 dimisso
970 3582 1060 3624 exer·
