2678 4246
493 341 603 400 miili
621 339 718 399 ml.
1055 347 1094 408 55

103 497 246 584 impulit
266 497 477 586 Philippum,
500 508 551 581 ut,
575 499 706 564 omissis
721 497 863 580 Aetolis,
887 498 1012 564 bellum
1034 499 1095 566 Ru

106 584 221 648 manis
247 583 402 664 inferret,
430 584 539 647 minus
565 585 690 670 negotii
716 585 978 666 existimantem,
1006 585 1096 671 qnoel

98 669 312 818 illieiialtos
338 667 380 732 ab
401 667 591 733 Hannibale
617 668 707 754 apud
730 669 959 734 Trasimenum
986 668 1117 750 lanum,

475 911 611 990 etiamr
628 920 739 977 omtlo.

177 1003 295 1090 Itaque
309 1003 485 1089 Philippus
493 1053 502 1087 ,
514 1019 561 1070 'ne
572 1007 693 1071 eodem
708 1015 855 1092 tempore
870 1006 983 1070 multis
997 1005 1095 1071 bellis
1103 1037 1112 1054 ·-
1126 1007 1146 1078 Β

106 1090 336 1170 distineretur,
359 1111 476 1174 paoem
492 1111 567 1156 cum
583 1091 710 1158 Aetolis
725 1092 818 1174 facit,
835 1113 902 1155 non
918 1093 1014 1177 qnasi
1030 1091 1095 1156 alio

106 1174 238 1239 bellum
253 1173 485 1256 translaturus,
502 1175 560 1240 sed
576 1177 738 1242 Graeciae
754 1176 858 1263 quieti
873 1175 1094 1260 consulturus,

108 1281 206 1340 quum
228 1281 392 1340 numquam
414 1268 446 1326 in
467 1268 583 1340 mojori
601 1269 746 1342 periculo
766 1268 870 1341 fuisse
892 1260 1094 1346 affirmabat3

106 1351 266 1425 siquidem
287 1352 546 1424 construentibus
568 1353 611 1411 ab
632 1353 796 1412 occidente
817 1355 907 1412 novis
920 1353 1095 1412 Poenorum

110 1445 143 1494 et
164 1435 377 1494 Romanonrm
403 1438 560 1511 imperiis,
587 1453 669 1512 quae
690 1453 754 1496 una
775 1437 838 1496 liae
859 1453 894 1496 re
915 1453 936 1496 o
961 1439 1096 1500 Graecia

109 1529 210 1596 atquc
223 1520 301 1580 Asia
322 1523 530 1595 retineantur,
558 1523 644 1597 quod
666 1524 747 1582 inter
767 1538 803 1581 se
824 1522 902 1581 bello
926 1523 1095 1584 discrimen

110 1607 241 1679 imperii
256 1607 401 1680 sociant;
424 1613 557 1666 aetenum
575 1609 679 1666 statim
699 1608 871 1689 uictoribus
886 1610 1096 1667 transitums'n

109 1694 264 1752 orientem
280 1691 362 1764 sore.
405 1691 513 1751 Videre
527 1707 563 1751 sc
577 1695 683 1766 itaque
702 1696 935 1765 consumentem
951 1693 983 1751 in
998 1689 1095 1752 ltalia
1126 1694 1145 1752 9

111 1776 225 1835 nubem
246 1777 330 1834 iilam
350 1779 448 1835 trucis
464 1783 494 1835 et
508 1780 630 1836 ementi
650 1777 744 1846 ielii;
765 1777 869 1835 oidere
883 1781 1038 1836 tonantem
1052 1791 1095 1837 ae

107 1861 327 1935 fulminantem
344 1861 384 1920 ab
400 1875 517 1920 occasu
526 1863 712 1936 procellam,
728 1876 841 1934 macno
858 1863 983 1920 cruoris
999 1861 1095 1922 imbre

112 1948 222 2006 omnia
230 1945 439 2019 foedaturam,
452 1949 485 2006 in
494 1961 704 2020 quascumque
714 1952 986 2020 terrarumportes
996 1949 1093 2006 ricto·

112 2033 188 2090 riae
205 2036 371 2104 tempestas
393 2045 461 2089 eam
476 2032 628 2093 detulerit.
661 2031 850 2105 mequeuter
866 2029 1029 2091 Graeciam
1040 2035 1094 2092 dt·

113 2122 224 2190 qantos
245 2121 344 2175 motus
352 2131 500 2190 possam,
523 2133 606 2176 nunc
620 2118 803 2189 Persarum,
825 2131 909 2175 nunc
926 2117 1094 2192 Gallorum,

113 2213 200 2259 narro
220 2199 426 2260 Macedonum
451 2202 558 2262 bellis:
584 2203 643 2261 sed
667 2203 772 2260 omnio
797 2203 853 2260 illa
877 2203 958 2263 leuia
981 2204 1095 2277 fuisse,

117 2286 257 2345 Graecos
272 2288 516 2360 existimaturos,
536 2290 566 2347 si
585 2303 640 2359 ca,
664 2301 745 2360 quae
762 2290 892 2346 nuncin
909 2287 1003 2346 Italia
1018 2303 1095 2348 eon·

115 2377 226 2430 curam
240 2379 365 2443 manus,
386 2379 475 2431 extra
489 2379 604 2432 terram
619 2374 703 2434 iliam
718 2389 753 2431 se
768 2367 923 2445 effuderit.
966 2373 1096 2432 Cernere
1106 2365 1147 2432 10

112 2472 165 2528 se,
189 2470 281 2530 meam
304 2464 434 2515 cruneio
449 2464 479 2516 et
498 2460 710 2532 sanauinuriu
730 2459 861 2516 interae
876 2457 957 2516 bella
972 2459 1096 2531 utrique

108 2542 227 2614 populi
250 2548 279 2600 et
303 2542 422 2600 uiribus
446 2545 609 2616 copiarum
635 2550 666 2602 et
685 2543 812 2601 dacum·
828 2543 949 2601 artibus
973 2546 1093 2615 uerunt,

117 2641 200 2700 quoe
213 2625 319 2686 rabies
331 2629 422 2697 finiri
434 2629 502 2686 solo
512 2631 619 2702 portis
634 2629 764 2686 alterius
778 2628 905 2686 interitu
919 2629 988 2685 sine
999 2628 1095 2686 ruina

112 2712 317 2782 finitimorum
338 2727 401 2770 uon
416 2714 530 2785 possit.
573 2713 669 2772 Ferns
688 2713 785 2786 icitur
805 2713 927 2771 animos
945 2714 1143 2784 uictorumll

116 2798 219 2856 minus
241 2797 363 2870 quidem
378 2795 599 2870 Macedoniae,
623 2813 715 2872 quom
733 2796 886 2856 &aeriae
905 2811 974 2855 csse
988 2799 1097 2857 timcn-

117 2881 192 2953 dos,
215 2883 291 2954 arrio
306 2889 336 2940 et
354 2885 504 2951 remotior
515 2889 545 2940 et
559 2884 590 2940 in
612 2884 780 2942 uindictam
801 2885 852 2942 sai
865 2881 1023 2941 robustior
1036 2885 1096 2954 sit;

115 2968 200 3025 scire
214 2973 316 3026 tamen
331 2981 378 3040 se,
402 2984 471 3040 eos,
496 2969 550 3040 qui
564 2971 659 3026 tantis
673 2969 792 3026 uiribus
808 2973 1009 3040 concurrant,
1033 2983 1096 3026 non

118 3056 280 3112 contentos
303 3052 366 3112 troc
385 3053 448 3115 dne
472 3053 625 3112 victoriae
642 3053 732 3126 sore,
758 3053 1011 3125 metuendumque
1034 3052 1097 3112 sibi

118 3151 243 3210 qaoque
270 3142 427 3196 certamen
457 3151 583 3208 eorum,
619 3140 674 3212 qui
701 3140 880 3210 superiores
911 3139 1095 3196 exstiterint.

117 3213 193 3278 Hoc
213 3223 387 3301 praetextu
408 3215 502 3280 finito
525 3237 600 3280 oum
621 3215 747 3280 Aetolis
770 3215 875 3295 bello,
898 3215 983 3278 nihil
1004 3214 1147 3282 aliudm

119 3321 220 3386 quam
248 3299 434 3366 Poenorum
464 3301 753 3388 Romanorumque
785 3299 874 3364 bella
906 3321 958 3363 res
983 3301 1097 3381 iniens,

119 3383 327 3469 singidonum
356 3387 445 3450 vires
473 3386 709 3472 perpendebat.
761 3383 827 3449 Sed
855 3405 918 3448 nec
977 3385 1097 3465 omani,
1108 3393 1148 3452 13

119 3471 249 3534 tametsi
264 3469 367 3534 Poeni
383 3480 415 3535 et
429 3469 600 3535 Hannibal
614 3472 650 3534 in
666 3470 850 3535 cervicibus
864 3477 977 3553 erant,
1000 3467 1099 3533 soluti

120 3563 211 3619 metu
224 3553 439 3620 Macedoniae
453 3555 668 3640 ridebantur,
691 3556 816 3643 quippe
836 3553 1051 3620 tenebititis
1066 3561 1100 3618 et
