2666 4246
252 377 309 436 118
532 375 672 427 JUSTINI
689 373 936 424 Historiarum

602 647 748 722 LIBER
773 645 870 718 XIX.

249 776 362 846 Bella
387 777 525 844 contra
549 773 801 862 Antigonum.
836 771 994 838 *Domus
1021 767 1233 838 cassandri

599 873 875 964 exstinguitur.

318 1105 499 1176 Demetrius,
517 1104 662 1172 Antigoni
678 1021 809 1174 silisis
826 1101 999 1156 Ptolemaeo
1015 1101 1161 1156 vincitur.
1227 1104 1234 1118 ‘

222 1222 238 1278 1
314 1209 490 1290 Perdicca,
519 1209 669 1272 Eumene
699 1229 737 1270 ac
759 1205 1022 1292 Polyperchonte
1046 1206 1234 1290 ceterisque

251 1295 391 1358 ducibus
409 1295 557 1358 diversae
574 1295 675 1378 partis
692 1293 824 1371 occisis,
847 1291 976 1353 finitum
1001 1299 1167 1353 certarnen
1183 1291 1234 1352 in—

251 1392 300 1444 ter
316 1401 519 1443 successores
532 1377 716 1442 Alexandri
731 1377 846 1461 Magni
862 1375 1046 1455 videbatur,
1063 1398 1167 1460 quum
1182 1397 1233 1438 re-

250 1474 347 1552 pente
370 1465 456 1526 inter
480 1465 569 1547 ipsos
585 1466 724 1526 victores
740 1473 818 1524 nata
833 1461 997 1524 discordia
1019 1470 1084 1542 est3
1107 1462 1233 1546 quippe

250 1548 493 1635 postulantibus
509 1549 697 1612 Ptolemaeo
721 1557 753 1610 et
769 1545 953 1611 Cassandro
975 1556 1007 1608 et
1020 1545 1232 1628 Lysimacho,

251 1645 288 1699 ut
302 1636 444 1722 pecunia
458 1635 493 1696 in
509 1633 633 1719 praeda
655 1641 751 1719 capta
770 1632 1029 1718 provinciaeque
1046 1629 1233 1694 divideren-

250 1731 313 1797 tur,
330 1720 516 1803 Antigonus
531 1720 681 1802 negavit,
711 1741 746 1781 sc
769 1729 798 1782 in
823 1724 890 1796 ejus
914 1723 985 1780 belii
1005 1725 1155 1795 praemio
1178 1739 1232 1780 so-

250 1816 318 1871 cios
334 1814 552 1884 admissuram,
577 1813 608 1868 in
626 1811 715 1881 cujus
730 1811 905 1881 periculum
920 1809 1005 1865 solus
1021 1809 1230 1867 descenderit.

249 1892 294 1954 Et
309 1901 346 1954 ut
366 1891 540 1954 honestum
556 1887 714 1951 adversus
737 1889 842 1951 socios
857 1885 982 1950 bellum
998 1887 1168 1970 suscipere
1185 1888 1231 1950 vi-

251 1977 391 2055 deretur,
410 1975 570 2059 divulgat,
592 1997 627 2037 se
644 1977 837 2053 Olympiadis
859 1985 993 2050 mortem,
1013 1993 1033 2034 a
1050 1979 1230 2036 Cassandro

251 2068 443 2139 interfectae,
467 2067 580 2123 ulcisci
595 2067 669 2123 velie
691 2072 721 2122 et
735 2065 918 2134 Alexandri,
945 2065 1031 2138 renis
1052 2066 1111 2134 soi,
1133 2066 1232 2134 lilium

222 2157 319 2212 icum
342 2157 438 2208 moire
461 2151 625 2208 obsidione
640 2149 894 2222 Amphipolitanos
917 2150 1063 2206 liberare.
1102 2141 1166 2206 His
1183 2164 1233 2206 co-

250 2231 361 2315 gnitis,
377 2228 584 2292 Ptolemaeus
599 2239 631 2292 et
642 2229 837 2308 Cassander,
853 2228 935 2291 inita
947 2250 1019 2291 cum
1030 2227 1232 2310 Lysimacho

251 2326 284 2379 et
301 2314 438 2378 Seleuco
462 2315 631 2391 societate,
651 2313 777 2377 bellum
799 2323 885 2377 terra
906 2313 1055 2398 marique
1071 2315 1171 2375 enixe
1185 2314 1234 2376 in-

251 2409 391 2464 struunt.
417 2399 579 2486 ,Tenebat
602 2398 810 2462 Ptolemaeus
833 2399 1023 2484 Aegyptum
1046 2419 1122 2460 cum
1147 2397 1234 2460 Afri-

251 2507 309 2549 cae
331 2495 424 2570 parte
445 2485 569 2569 majore
590 2494 623 2546 et
638 2483 748 2569 prro
773 2493 804 2546 ct
828 2483 1003 2547 Phoenice.
1043 2482 1233 2546 Cassandro

250 2572 388 2656 parebat
409 2569 605 2633 Macedonia
628 2591 703 2631 cum
727 2569 876 2632 Graecia.
928 2570 1042 2632 Asiam
1066 2576 1098 2630 et
1145 2578 1233 2631 artes

252 2657 398 2720 Orientis
422 2663 641 2738 occupaverat
660 2655 864 2738 Antigonus,
888 2655 981 2740 cujus
1002 2653 1091 2717 filius
1148 2675 1235 2716 eme·

109 2745 184 2806 312.
252 2743 334 2802 trius
350 2741 457 2824 prima
472 2738 553 2802 belli
568 2741 799 2822 congressione
816 2762 835 2801 a
848 2739 1037 2804 Ptolemaeo
1060 2737 1151 2823 apud
1168 2739 1235 2802 Ga·

222 2823 372 2891 3malam
387 2825 542 2887 vincitur.
571 2824 612 2887 In
628 2839 693 2909 quo
709 2824 834 2910 proelio
851 2826 954 2910 major
968 2823 1150 2886 Ptolemaei
1166 2845 1235 2886 mo-

252 2909 429 2973 derationis
446 2908 552 2992 gloria
568 2929 666 2994 quam
681 2911 785 2995 ipsius
800 2911 957 2973 victoriae
971 2908 1049 2990 fuit3
1066 2908 1234 2994 siquidem
1312 2879 1313 2970 l

251 3006 282 3059 et
297 2996 420 3058 amicos
435 2993 597 3057 Demetrii
612 3017 678 3057 non
694 2996 798 3058 solum
817 3017 891 3058 cum
908 2995 975 3057 suis
991 2994 1099 3073 rebus,
1115 3015 1233 3058 verum

251 3082 349 3145 etiam
376 3079 497 3143 additis
525 3080 662 3165 insuper
688 3079 880 3142 muneribus
904 3079 1046 3160 dimisit,
1070 3086 1102 3142 et
1125 3081 1233 3166 ipsius
1312 3107 1313 3150 i

250 3167 412 3230 Demetrii
433 3163 599 3251 privatum
624 3185 720 3228 omne
744 3165 1001 3228 instrumentum
1017 3188 1055 3228 ac
1070 3164 1233 3228 familiam
1312 3153 1313 3182 ¹

251 3251 410 3332 reddidit,
435 3251 562 3337 adjecto
587 3250 711 3313 honore
738 3249 932 3314 verborum:
960 3273 1023 3314 non
1045 3272 1080 3313 se
1095 3264 1232 3329 propter

248 3345 420 3414 praedam,
449 3343 508 3400 sed
524 3350 653 3414 propter
674 3343 854 3415 dioniiotem
878 3345 975 3400 inisse
997 3343 1116 3412 bellom,
1147 3343 1232 3402 indi-

250 3435 392 3502 qnatom,
416 3428 502 3501 quod
521 3428 707 3503 Antigonus,
732 3428 861 3486 deuictis
882 3429 1027 3486 diversae
1043 3431 1150 3500 pariis
1174 3427 1232 3486 du-

252 3513 350 3584 cibus,
373 3514 458 3570 solus
482 3515 651 3571 conimnnis
677 3514 830 3572 uictoriae
849 3516 991 3586 praemia
1020 3513 1231 3586 corriouisset.
