2666 4246
499 355 606 406 LIBER
624 356 696 408 XIX.
1028 356 1086 414 119

462 566 463 570 ,
536 525 610 576 CAP.
628 528 665 576 11.

99 607 269 663 casandri
278 609 310 663 tn
319 607 742 674 faminannlexanurinagni
751 609 889 664 saoritla.
909 610 1087 680 Antigonus,

142 677 356 746 Ptolemaeus,
381 675 779 800 cassandffigusslffiffms
800 679 919 744 regium
942 693 1048 734 nomen

169 849 262 910 Dum
282 846 364 910 haec
387 856 547 929 aguntur,
571 847 756 912 Cassander
778 846 819 911 ab
836 849 1015 934 Apollonia
1038 858 1118 914 re-4

101 932 201 997 diens
218 931 336 996 incidit
350 932 384 995 in
400 935 599 1016 Autariatae,
616 935 683 1019 qui,
699 943 832 1018 propter
848 957 1004 998 ranarum
1017 959 1086 998 mu-

102 1021 261 1103 riumque
283 1017 528 1082 multitudinem
552 1019 664 1081 relicto
681 1020 807 1102 patriae
823 1019 903 1098 s010,
920 1020 1014 1084 sedes
1030 1041 1086 1084 no-

101 1125 164 1167 vas
182 1101 403 1188 quaerebant3
418 1105 558 1184 veritus,
575 1125 617 1166 ne
634 1104 861 1168 Macedoniam
878 1113 1087 1188 occuparent,

103 1189 192 1252 facta
208 1189 360 1274 pactione
382 1189 417 1251 in
433 1189 619 1252 societatem
637 1211 690 1252 eos
707 1212 780 1254 rece
806 1191 846 1268 it,
870 1213 1033 1276 agrosque
1047 1191 1088 1252 iis

105 1274 242 1337 ultimos
265 1272 479 1338 Macedoniae
495 1275 649 1358 assignat.
688 1213 833 1355 Deinde,
853 1298 895 1338 ne
919 1275 1117 1353 Hercules,5

105 1359 295 1424 Alexandri
309 1357 413 1439 filius,
437 1360 493 1444 qui
509 1359 576 1422 fere
593 1383 696 1422 annos
713 1361 961 1446 quatuordecim
979 1383 1088 1424 exces-

107 1453 211 1522 serat,
233 1444 344 1506 favore
360 1445 488 1527 paterni
502 1445 646 1509 nominis
668 1446 703 1507 in
718 1468 858 1528 regnum
873 1445 1088 1510 Macedoniae

108 1539 291 1608 vocaretur,
308 1529 413 1592 occidi
428 1551 503 1592 eum
519 1531 615 1592 tacite
631 1551 705 1592 curn
718 1541 822 1596 matre
832 1531 971 1594 Barsine
981 1531 1088 1616 jubet,

108 1635 312 1700 corporaque
332 1636 443 1690 eorum
469 1625 556 1678 terra
578 1613 688 1693 obrui,
712 1639 754 1678 ne
778 1614 894 1679 caedes
919 1616 1090 1700 sepultura

107 1699 318 1785 proderetur3
340 1708 372 1762 et
387 1700 481 1784 quasi
498 1722 613 1783 parurn
635 1700 790 1764 facinoris
806 1701 841 1762 in
857 1701 928 1784 ipso
944 1701 1088 1786 primum

107 1807 195 1869 rege,
213 1807 292 1848 mox
306 1785 341 1846 in
354 1794 455 1848 matre
468 1785 537 1870 ejus
551 1785 749 1870 Olympiade
762 1809 799 1848 ao
810 1784 878 1848 filio
892 1785 1087 1863 admisisset,

109 1870 249 1934 alterum
266 1891 398 1955 quoque
413 1870 518 1933 filium
535 1893 609 1932 crim
627 1879 729 1932 matre
742 1871 878 1932 Roxane
890 1872 963 1954 pari
974 1869 1089 1932 fraude

109 1955 281 2037 interficit;
312 1955 437 2018 scilicet
467 1957 563 2039 quasi
585 1977 722 2039 regnum
745 1954 975 2035 Macedoniae,
1001 1955 1090 2039 quod

109 2039 299 2119 affectabat,
322 2039 417 2102 aliter
439 2041 596 2125 consequi
620 2063 717 2125 quarn
742 2039 865 2104 scelere
882 2063 950 2104 non
969 2049 1089 2125 posset.

109 2127 241 2189 Interea
255 2124 462 2188 Ptolemaeus
479 2147 552 2188 cum
571 2127 737 2189 Demetrio
760 2124 871 2189 navali
892 2127 1017 2211 proelio
1032 2127 1118 2189 ite-o
1156 2132 1231 2193 306.

107 2219 180 2274 rato
204 2209 416 2294 congreditur
437 2219 469 2274 et
491 2212 611 2274 amissa
631 2211 735 2274 classe
761 2211 912 2296 hostique
935 2232 1091 2274 concessa

107 2296 258 2376 victoria,
273 2298 309 2360 in
324 2296 514 2381 Aegyptum
530 2297 660 2380 refugit.
691 2297 880 2360 Demetrius
895 2296 1001 2359 filium
1016 2295 1090 2359 Pto-

108 2381 229 2444 lemaei
250 2380 463 2444 Leontiscum
486 2391 518 2444 et
539 2381 671 2446 fratrem
690 2382 880 2446 Menelaum
900 2383 1090 2464 amicosque

14 2475 15 2532 ἶ
109 2468 181 2552 ejus
197 2487 273 2528 cum
290 2467 358 2530 suis
373 2466 488 2545 rebus,
511 2469 584 2554 pari
605 2481 702 2530 antea
723 2489 860 2530 munere
882 2474 1090 2552 provocatus,

14 2573 15 2578 ¹
109 2551 147 2614 in
161 2549 353 2636 Aegyptum
370 2553 479 2614 romitt
493 2561 520 2636 t3
542 2561 583 2632 et,
600 2561 636 2614 ut
651 2561 832 2638 appareret,
851 2573 904 2616 eos
920 2574 987 2614 non
1005 2550 1090 2630 odio,

109 2635 170 2700 sed
186 2635 356 2720 dignitatis
374 2636 479 2718 gloria
494 2659 648 2701 accensos
665 2660 754 2718 esse,
776 2636 871 2701 donis
886 2634 1092 2700 muneribus-

14 2743 16 2762 *
135 2743 176 2784 ue
191 2723 278 2784 inter
292 2723 366 2806 ipsa
380 2721 468 2785 bella
479 2722 731 2786 contendebant.
755 2723 828 2786 Hac
838 2722 977 2803 victoria
989 2719 1121 2784 elatus?

109 2745 300 2890 ilntigonus
321 2829 432 2890 regem
456 2830 491 2870 se
514 2831 588 2872 cum
611 2809 781 2872 Demetrio
804 2807 872 2870 filio
896 2805 1094 2894 appellaria

14 2945 15 2952 ,
110 2892 235 2977 populo
253 2891 360 2977 jubet.
397 2892 604 2957 Ptolemaeus
629 2915 777 2979 quoque,
793 2916 835 2956 ne
851 2893 987 2958 minoris
1004 2890 1094 2990 apud

14 2983 15 2992 ’
111 2999 189 3040 suos
205 2977 407 3040 auctoritatis
423 2977 614 3059 haberetur,
630 3001 690 3042 rex
705 2979 746 3042 ab
764 2979 912 3042 exercitu
928 2999 1093 3060 cognomr·

14 3085 15 3088 ¹
111 3071 219 3124 natur.
267 3061 395 3140 Quibus
418 3062 555 3145 auditis,
578 3063 765 3128 Cassander
781 3073 813 3127 et
827 3061 1045 3148 Lysimachus
1062 3069 1095 3122 et

14 3155 15 3198 ἶ
111 3148 177 3232 ipsi
192 3148 318 3232 regiam
335 3148 537 3232 majestatem
552 3150 616 3213 sibi
631 3149 894 3214 vindicaverunt.
933 3146 999 3210 Sed
1021 3145 1123 3210 Pto-8

112 3232 261 3296 lemaeus
277 3241 309 3296 et
324 3232 509 3298 Cassander
531 3236 695 3320 ceterique
719 3235 870 3299 factionis
886 3231 1021 3296 alterius
1037 3230 1095 3292 du-

112 3339 182 3398 ces,
208 3341 310 3403 quum
333 3321 425 3405 carpi
449 3341 484 3382 se
506 3321 654 3404 singulos
677 3320 719 3383 ab
742 3320 911 3403 Antigono
932 3315 1093 3396 viderent,

113 3402 193 3468 dum
215 3405 383 3490 privatum
406 3405 629 3488 singulorum,
650 3428 717 3468 non
734 3426 909 3468 commune
925 3403 1094 3466 universo-

112 3510 187 3552 rum
202 3489 328 3566 bellum
344 3500 471 3576 putant,
483 3514 545 3554 nec
560 3491 722 3554 auxilium
737 3490 822 3553 ferre
838 3489 920 3553 alter
935 3487 1028 3552 alteri
1040 3509 1094 3551 vo-

112 3573 197 3655 lunt,
213 3598 274 3661 per
289 3577 443 3660 epistolas
460 3599 494 3640 se
509 3578 653 3640 invicem
666 3575 906 3657 confirmantes,
920 3583 1050 3658 tempus
1063 3581 1095 3636 et
