2678 4246
494 366 604 419 ursas
620 363 757 420 xxxvn.
843 433 846 442 ,
1075 359 1113 422 ts

53 541 55 548 ·
135 519 335 602 conciliavit,
358 515 512 584 omnibus
525 539 593 582 non
607 516 700 582 fictas
715 515 750 580 in
766 536 816 597 eo,
836 514 895 588 sed
909 537 1005 580 veras
1020 515 1114 582 lacri-

134 604 467 672 masexistimuntibu
490 657 495 672 .
519 603 708 668 Demetrius
721 611 831 684 autem
842 601 950 672 vietus
961 601 1003 666 ab
1014 601 1113 667 Alex·
1124 609 1164 669 26

135 691 256 774 andro,
294 711 397 777 quum
427 625 577 776 unAique
608 684 898 752 circumstantibus
921 688 1018 752 malis
1040 710 1113 774 pre-

135 787 292 858 meretur,
308 777 350 840 ad
365 787 568 860 postremum
584 775 681 840 etiarn
698 772 740 838 s'b
753 793 856 837 uxore
867 771 1010 859 filiisque
1023 773 1114 838 dese·

135 862 230 927 titur.
273 861 420 926 Relictus
448 861 553 946 igitur
582 881 656 925 cum
673 858 803 944 paucis
823 857 989 940 servulis,
1010 879 1121 946 quum-

119 947 262 1035 ‘Tyrum
284 947 445 1034 religione
460 944 576 1032 templi
595 967 631 1009 se
651 943 847 1010 defensurus
867 945 1013 1029 petisset,
1034 946 1114 1032 navi

136 1033 310 1119 egrediens
333 1032 491 1118 praefecti
507 1032 607 1119 jussu
621 1030 827 1115 interficitur.
869 1029 964 1094 Alter
978 1035 1021 1094 e'x
1036 1029 1113 1095 filiis
1123 1040 1163 1100 at
1178 1039 1252 1103 126.

135 1117 311 1198 Seleucus,
333 1120 490 1205 quoniam
520 1116 726 1182 sine'matris
747 1115 940 1180 auctoritate
961 1115 1114 1182 diadema

135 1205 346 1290 sumpsisset,
368 1203 411 1269 ab
431 1201 546 1268 eadem
560 1201 770 1284 interficitur3
795 1200 888 1284 alter,
910 1203 965 1266 cui
979 1214 1115 1292 propter
1150 1267 1153 1274 ,

133 1289 210 1354 'rrasi
234 1288 497 1375 magnitudinem
531 1308 714 1374 cognomen
739 1285 874 1374 Grypus
902 1288 991 1369 fuit,
1010 1311 1072 1353 rex
1092 1309 1114 1354 a

135 1384 239 1438 matre
261 1373 422 1440 hactenus
443 1375 670 1454 constituitur,
700 1380 737 1436 ut
757 1374 989 1458 nomenre'gis
1010 1396 1113 1462 penes

135 1459 252 1544 filium,
273 1461 326 1526 uis
349 1469 460 1525 autem
475 1461 582 1525 omnis
597 1458 729 1545 imperii
744 1455 846 1544 penes
860 1470 999 1524 matrem
1016 1473 1112 1524 ess'et.

134 1696 301 1756 maanus
312 1655 440 1769 umus,
457 1613 710 1768 Demetlllllltla
722 1685 829 1766 syrim
838 1683 965 1764 regnum
976 1701 1113 1768 occupat.

144 1837 147 1846 Δ
198 1801 266 1867 sed
287 1799 496 1881 Alexander,
518 1810 679 1887 occupato
700 1799 817 1886 Syriae
838 1822 958 1886 regno,
980 1811 1112 1868 tumens
1122 1797 1163 1871 2'8

136 1907 292 1953 successu
319 1907 446 1968 rerum,
478 1907 634 1971 spernere
655 1886 726 1972 jam
755 1886 853 1950 etiam
875 1889 984 1971 ipsum
1006 1887 1112 1954 Ptole-

134 1994 278 2052 maeum,
301 1995 321 2037 a
336 1994 401 2059 quo
416 1973 524 2037 fuerat
538 1971 737 2056 subornatus
752 1972 787 2034 in
802 1992 952 2056 regnum,
968 1973 1113 2058 superba

132 2057 313 2124 insolentia
341 2059 468 2142 coepit.¹
503 2057 620 2144 Itaque
646 2055 871 2138 Ptolemaeus,
901 2059 1161 2130 reconciliata29

135 2143 257 2210 sororia
269 2144 386 2244 gratia,
402 2141 925 2228 destruere'Alexandrire'gnum
936 2143 1027 2230 quod
1037 2145 1112 2210 odio

133 2229 297 2310 Demetrii
318 2227 447 2293 viribus
461 2230 530 2294 suis
546 2228 754 2315 acquisierat,
776 2229 914 2300 summis
925 2229 1053 2315 vopibus
1065 2232 1112 2295 in-

134 2315 249 2381 stituit.
293 2313 396 2378 Mittit
409 2315 512 2400 igitur
525 2314 676 2397 ingentia
690 2319 806 2400 Grypo
822 2315 947 2380 auxilia
963 2316 1113 2392 etlilium

134 2400 370 2487 Tryphaenam
391 2399 508 2486 Grypo
531 2410 721 2484 nupturam,
743 2409 782 2464 ut
800 2400 942 2487 populos
965 2401 999 2464 in
1021 2404 1113 2466 auxi·
1210 2436 1212 2446 ¹

133 2485 216 2551 lium
247 2487 377 2572 nepotis
406 2507 472 2550 non
500 2486 657 2550 societate
676 2494 802 2549 tantum
827 2485 921 2568 belli,
942 2503 1059 2570 perum
1081 2497 1114 2552 et

135 2572 296 2636 affinitate
318 2593 379 2636 sua
400 2572 603 2636 sollicitaret.
647 2569 717 2634 Neu
731 2591 787 2635 res
798 2570 921 2637 frustra
934 2572 1022 2655 fuit3'
1036 2587 1112 2638 uam
1123 2581 1165 2641 30
1270 2635 1274 2644 .

136 2678 238 2744 quum
268 2677 382 2720 omnes
412 2656 564 2743 Grypum
584 2653 787 2720 ¹instructum
813 2658 958 2742 Aegypti
985 2657 1127 2724 viribus·
1199 2681 1203 2716 τ

135 2741 305 2824 viderent,
336 2741 496 2828 paulatim
527 2741 569 2807 ab
589 2741 781 2808 Alexandro
805 2743 951 2808 delicere
963 2751 1113 2830 coepere.

133 2827 192 2893 Fit
205 2826 351 2914 denique
365 2829 450 2892 inter
464 2849 560 2977 reyes
574 2827 750 2914 proelium,
766 2849 837 2916 quo*
847 2821 958 2904 victus,
964 2831 1114 2896 Alexan·

134 2913 195 2979 der
208 2911 419 2978 Antiochiam
439 2935 499 2998 pro
515 2915 593 2998 ugit.
639 2913 690 2978 lbi
706 2915 986 3002 inopspecuuiae,
1003 2925 1162 3002 :quum3l
1219 2915 1223 2924 ’

134 2999 300 3086 stipendia
309 2997 470 3063 militibus
482 2998 642 3078 deessent,
658 3021 675 3060 e
687 3000 1060 3084 temploylovissolidum
1070 3024 1128 3066 ex·

134 3106 214 3150 suro
231 3084 397 3149 Victoriae
411 3085 542 3170 signum
559 3085 629 3150 tolli
639 3083 745 3170 jubet,
760 3085 973 3174 facetis'jocis'
984 3087 1127 3152 sacrile.

134 3171 226 3256 gium
242 3172 527 3253 circumscribens,
542 3193 619 3235 nam
636 3177 802 3252 t'rcrorr'un
815 3173 1114 3256 ¹corrnuortiru'pn'ar'ln‘
1200 3231 1204 3238 .

134 3265 175 3321 ut
189 3265 268 3322 Jove
284 3281 352 3320 ease
368 3253 505 3320 dicebat.
537 3257 721 3340 lnterjectis
734 3255 853 3324 deinde
867 3255 992 3335 diebus,
1009 3281 1112 3345 quum

131 3341 239 3428 ipsius
253 3341 347 3407 Juvis
367 3362 505 3406 aureum
525 3341 738 3407 simulacrum
760 3340 880 3406 infiniti
897 3343 1051 3428 ponderis
1067 3353 1112 3410 ta
1165 3373 1168 3378 ¹

134 3431 198 3492 cite
213 3427 311 3492 evelli
321 3427 486 3515 jussisset,
502 3427 792 3515 deprehensusque
805 3430 840 3492 ln
852 3428 1025 3515 sacrilegio
1037 3434 1113 3494 con·

134 3513 476 3578 eursunutrituoinis
499 3527 586 3576 esset
605 3515 640 3576 in
663 3515 777 3595 fugem
795 3531 927 3595 versus,
942 3537 1064 3601 magna
1079 3516 1126 3580 vi-
1166 3543 1170 3582 :

134 3601 339 3688 tempestatis
353 3619 532 3685 oppressus
547 3619 588 3663 sc
601 3599 750 3666 desertus
765 3622 786 3666 a
800 3603 879 3684 suis,
895 3599 1112 3666 a'latronibus
1205 3645 1208 3652 ·

881 3718 959 3792 1⁷⁸
