2658 4244
492 344 601 396 uuus
620 345 650 396 V.
1019 345 1059 406 25

85 491 148 556 diis
170 491 410 558 immortalibus
430 492 554 560 bellum
577 506 719 581 gereret3
744 519 829 584 quae
851 521 969 565 munus
990 509 1059 565 tota

83 576 246 642 imbribus
258 589 290 644 et
300 579 493 646 fulminibus
506 580 612 646 deletu
624 592 680 666 est,
690 592 727 647 ut
736 585 944 672 intelligeret,
957 608 1057 674 quom

82 663 196 728 nullae
224 674 334 730 essent
361 665 531 732 hominum
561 667 719 734 adversus
746 669 824 737 deos
839 671 936 735 vires.
980 672 1059 736 Post
1068 681 1108 738 24

16 747 20 756 '
82 748 164 814 haec
180 749 270 814 Thes
294 752 342 816 ies
358 760 390 816 et
403 750 553 818 Plataeas
568 763 602 818 et
615 755 761 820 Athenas
783 777 904 821 vacuus
919 756 1058 822 homini-

82 835 143 900 bus
153 773 315 916 incendit,
328 846 360 902 et
370 839 526 924 quoniam
538 840 623 904 ferro
635 839 670 904 iri
682 840 832 906 homines
843 864 908 908 non
920 851 1057 929 poteret,

82 922 116 984 in
130 921 287 986 aedificia
296 923 373 1008 igne
385 933 562 1008 grassatur.
590 926 622 990 N
623 948 742 1012 nmque
754 927 973 994 Athenienses
984 938 1059 1016 post

84 1029 231 1092 pugnam
267 1007 519 1091 Marathoniam,
555 1021 789 1096 praemonente
826 1013 1056 1097 Themistocle,

84 1094 255 1158 victoriam
271 1093 362 1160 illem
378 1093 418 1160 de
433 1095 543 1160 Persis
557 1118 623 1160 non
639 1097 749 1180 finem,
769 1098 829 1164 sed
844 1119 976 1178 causum
991 1123 1057 1164 me·

74 1180 155 1266 joris
173 1179 257 1244 belli
271 1179 350 1258 fore,
366 1180 522 1246 ducentos
534 1182 896 1250 navessabrieaverant.
924 1185 1106 1252 Advenit

78 1274 167 1330 tante
191 1265 298 1350 igitur
318 1265 440 1348 Xerxe,
463 1267 709 1334 consulentibus
725 1269 864 1358 Delphis
886 1271 1056 1336 oraculum

78 1351 284 1436 responsum
311 1351 434 1416 fueret:
468 1357 597 1418 sulutem
627 1364 724 1420 muris
751 1364 865 1435 tiones
890 1369 1055 1424 tuerentur.

78 1435 322 1502 Themistocles
333 1436 677 1524 nuviumprnesidium
690 1440 948 1507 demonstratum
957 1452 1056 1525 retus,

78 1519 260 1606 persuadet
290 1521 460 1588 omnibus:
501 1531 642 1590 Patrium
670 1536 842 1607 municipes
871 1551 955 1608 esec,
994 1551 1057 1596 non

78 1617 216 1687 moenia,
239 1616 453 1690 civitatemque
474 1631 536 1675 non
559 1619 592 1676 in
614 1619 779 1692 aedificiis,
803 1620 862 1678 sed
881 1623 913 1679 in
937 1623 1058 1680 ciuibus

75 1703 224 1773 positam.
269 1699 381 1760 Melius
409 1704 506 1774 icitur
531 1705 659 1762 sulutem
686 1706 834 1777 navibus,
865 1721 957 1779 quum
985 1707 1058 1766 urbi

79 1787 310 1847 commissuros.
354 1786 456 1860 Hm‘m
476 1792 649 1848 sententiae
670 1794 761 1850 etium
785 1792 874 1848 deum
897 1799 1056 1850 auctorem

79 1889 158 1931 esse.
207 1864 350 1930 Probeto
384 1867 535 1948 oonsilio,
572 1870 730 2018 conjuges
764 1868 952 1955 liberosque
981 1891 1057 1933 cum

78 1951 327 2038 pretiosissimis
348 1949 447 2016 rebus
470 1952 588 2018 abditis
610 1955 685 2018 insu
699 1956 737 2036 is,
759 1952 874 2018 relicta
888 1953 980 2036 urbe,
1004 1954 1058 2020 de-

81 2036 255 2121 mandent3
270 2039 336 2124 ipsi
350 2055 450 2102 neves
466 2041 582 2103 armati
593 2039 826 2105 conscendunt.
856 2039 1056 2128 Exemplum

80 2122 336 2188 Atheniensium
357 2132 390 2188 et
412 2123 496 2197 aliae
512 2124 609 2190 urbes
624 2126 779 2190 imitatae.
823 2127 938 2212 Itaque
954 2143 1056 2213 quum
1067 2133 1106 2191 26
1205 2123 1210 2150 l

78 2211 194 2292 juncta
218 2210 325 2273 omnis
348 2211 511 2274 sociorum
535 2210 648 2276 classis
672 2221 703 2276 et
725 2214 853 2276 intentu
874 2213 908 2274 in
932 2211 1055 2277 bellum

80 2295 201 2359 navale
216 2303 311 2376 esset,
325 2317 369 2358 eu
393 2296 562 2383 ustiesque
576 2296 748 2362 Salaminii
762 2297 846 2378 freti,
862 2319 905 2362 ne
920 2298 1056 2363 circum-

81 2382 188 2445 veniri
200 2403 220 2444 a
232 2318 443 2446 multituriine
454 2390 574 2466 posset,
587 2395 787 2467 occupasset,
800 2383 960 2448 dissensio
971 2386 1057 2449 inter

81 2467 265 2530 civitatium
280 2466 446 2616 principes
462 2468 574 2534 oritur.
620 2467 686 2548 Qui
706 2489 808 2570 quum
823 2469 953 2533 deserto
968 2469 1057 2534 hello
1067 2469 1106 2534 ti

79 2551 120 2614 sd
134 2575 199 2616 sua
213 2549 338 2616 tuenda
352 2551 386 2616 di
399 2551 455 2617 abi
465 2551 598 2635 vellent,
615 2553 850 2620 Themistocles
865 2555 993 2635 timens,
1014 2577 1057 2619 ne

82 2636 228 2702 discessu
237 2637 1056 2726 sociorumviresminuerentur,perservumfidum

81 2722 185 2786 Xerxi
203 2724 356 2805 nunciat,
377 2746 438 2790 uno
459 2733 491 2790 in
514 2733 584 2791 ioco
599 2749 665 2790 eum
682 2739 874 2791 contractum
892 2731 1056 2794 Graeciam

80 2831 198 2889 cupere
213 2815 375 2888 -suoiliime
396 2828 504 2889 posse.
549 2817 690 2888 Quodsi
711 2821 866 2891 civitates,
891 2834 972 2893 quoe
985 2820 1057 2892 jum

80 2901 172 2960 ubire
198 2902 324 2975 veilent,
355 2901 562 2975 dissipemur,
589 2904 711 2976 majore
732 2904 842 2962 iubere
864 2906 894 2964 ei
914 2906 1057 2978 sinucius

79 2988 321 3046 consectandus.
379 2979 452 3046 Hoc
487 2981 563 3046 dolo
593 2982 734 3068 impellit
760 3003 888 3064 reem,
924 2985 1055 3068 signum

79 3087 217 3150 pugnae
232 3065 320 3130 dure.
351 3065 471 3131 Graeci
487 3087 552 3153 quo
577 3089 629 3150 ue,
645 3068 789 3132 adventu
798 3005 947 3133 hostium
964 3089 1057 3133 occu-

79 3153 159 3237 pati,
176 3151 338 3237 proelium
353 3151 480 3216 collatis
495 3089 622 3218 virilus
633 3161 817 3240 capessunt.
845 3153 976 3217 Interea
986 3174 1056 3233 rex,
1067 3159 1106 3218 28

80 3238 175 3302 velut
194 3246 359 3322 spectator
378 3259 526 3323 pugneo,
548 3260 623 3304 eum
646 3249 739 3324 perte
760 3239 895 3302 navium
910 3240 946 3303 in
962 3239 1073 3304 litore

80 3332 247 3388 remanetv
267 3324 445 3388 Artemisia
459 3327 578 3407 autem,
593 3328 710 3410 regine
720 3323 954 3405 Helicsmassi,
971 3346 1057 3476 ppuee

81 3410 114 3473 in
131 3409 296 3474 auxilium
308 3409 416 3474 Xerxi
428 3419 574 3494 venerat,
589 3412 675 3476 inter
687 3411 808 3495 primos
821 3408 920 3476 duces
931 3410 973 3475 be
1001 3433 1056 3475 um

82 3499 241 3560 acerrime
253 3490 374 3579 tiebut3
386 3496 432 3560 ite
442 3497 478 3560 in
489 3497 562 3563 viro
573 3496 743 3562 muliebris
753 3496 859 3577 timor,
870 3496 906 3560 in
919 3497 1057 3561 muliere

82 3581 187 3646 virilis
210 3581 349 3647 audacia
371 3581 593 3649 cemebntur.'
620 3582 730 3664 Quum
753 3601 873 3669 anceps
894 3583 1106 3670 proelium29
