<?xml version="1.0" encoding="UTF-8"?>
<!DOCTYPE html PUBLIC "-//W3C//DTD XHTML 1.0 Transitional//EN"
    "http://www.w3.org/TR/xhtml1/DTD/xhtml1-transitional.dtd">
<html xmlns="http://www.w3.org/1999/xhtml" xml:lang="en" lang="en">
 <head>
  <title>
</title>
<meta http-equiv="Content-Type" content="text/html;charset=utf-8" />
  <meta name='ocr-system' content='tesseract 3.04.00' />
  <meta name='ocr-capabilities' content='ocr_page ocr_carea ocr_par ocr_line ocrx_word'/>
</head>
<body>
  <div class='ocr_page' id='page_1' title='image "./historiarumlibr00eitngoog/historiarumlibr00eitngoog_0079.png"; bbox 0 0 2658 4244; ppageno 0'>
   <div class='ocr_carea' id='block_1_1' title="bbox 237 309 922 377">
    <p class='ocr_par' dir='ltr' id='par_1_1' title="bbox 237 309 922 377">
     <span class='ocr_line' id='line_1_1' title="bbox 237 309 922 377; baseline -0.019 0"><span class='ocrx_word' id='word_1_1' title='bbox 237 315 274 377; x_wconf 79' lang='lat' dir='ltr'><strong>to</strong></span> <span class='ocrx_word' id='word_1_2' title='bbox 406 309 409 314; x_wconf 84' lang='lat'>&#39;</span> <span class='ocrx_word' id='word_1_3' title='bbox 517 315 659 368; x_wconf 76' lang='lat' dir='ltr'><strong>ausurus</strong></span> <span class='ocrx_word' id='word_1_4' title='bbox 674 313 922 366; x_wconf 80' lang='lat' dir='ltr'><strong>nrsrourssuu</strong></span> 
     </span>
    </p>
   </div>
   <div class='ocr_carea' id='block_1_2' title="bbox 184 467 1272 1467">
    <p class='ocr_par' dir='ltr' id='par_1_2' title="bbox 236 467 1272 804">
     <span class='ocr_line' id='line_1_2' title="bbox 236 467 1215 554; baseline -0.004 -20"><span class='ocrx_word' id='word_1_5' title='bbox 236 473 406 535; x_wconf 73' lang='lat' dir='ltr'><strong>taumatha·</strong></span> <span class='ocrx_word' id='word_1_6' title='bbox 427 467 644 554; x_wconf 63' lang='lat' dir='ltr'><strong>milltjubet:</strong></span> <span class='ocrx_word' id='word_1_7' title='bbox 666 488 728 530; x_wconf 79' lang='lat' dir='ltr'><strong>non</strong></span> <span class='ocrx_word' id='word_1_8' title='bbox 752 473 843 530; x_wconf 84' lang='lat' dir='ltr'><strong>modo</strong></span> <span class='ocrx_word' id='word_1_9' title='bbox 872 477 906 529; x_wconf 86' lang='lat' dir='ltr'><strong>ut</strong></span> <span class='ocrx_word' id='word_1_10' title='bbox 926 476 1080 544; x_wconf 79' lang='lat' dir='ltr'><strong>ponetur,</strong></span> <span class='ocrx_word' id='word_1_11' title='bbox 1110 485 1215 530; x_wconf 74' lang='lat' dir='ltr'><strong>veum</strong></span> 
     </span>
     <span class='ocr_line' id='line_1_3' title="bbox 236 549 1272 637; baseline -0.006 -17"><span class='ocrx_word' id='word_1_12' title='bbox 236 563 329 620; x_wconf 82' lang='lat' dir='ltr'><strong>ettam</strong></span> <span class='ocrx_word' id='word_1_13' title='bbox 365 567 399 620; x_wconf 82' lang='lat' dir='ltr'><strong>ut</strong></span> <span class='ocrx_word' id='word_1_14' title='bbox 434 558 586 619; x_wconf 80' lang='lat' dir='ltr'><strong>inviolate</strong></span> <span class='ocrx_word' id='word_1_15' title='bbox 623 563 762 630; x_wconf 81' lang='lat' dir='ltr'><strong>maneat,</strong></span> <span class='ocrx_word' id='word_1_16' title='bbox 807 549 997 637; x_wconf 71' lang='lat' dir='ltr'><strong>pollicetur,</strong></span> <span class='ocrx_word' id='word_1_17' title='bbox 1043 557 1215 615; x_wconf 60' lang='lat' dir='ltr'><strong>exeritum</strong></span> <span class='ocrx_word' id='word_1_18' title='bbox 1270 567 1272 572; x_wconf 90' lang='grc'><strong><em>·</em></strong></span> 
     </span>
     <span class='ocr_line' id='line_1_4' title="bbox 237 641 1214 721; baseline -0.004 -17"><span class='ocrx_word' id='word_1_19' title='bbox 237 651 336 704; x_wconf 82' lang='lat' dir='ltr'><strong>autem</strong></span> <span class='ocrx_word' id='word_1_20' title='bbox 356 647 437 716; x_wconf 79' lang='lat' dir='ltr'><strong>fines</strong></span> <span class='ocrx_word' id='word_1_21' title='bbox 460 644 587 718; x_wconf 68' lang='lat' dir='ltr'><strong>increuit</strong></span> <span class='ocrx_word' id='word_1_22' title='bbox 593 687 602 716; x_wconf 96' lang='lat'><strong>,</strong></span> <span class='ocrx_word' id='word_1_23' title='bbox 632 644 748 721; x_wconf 82' lang='lat' dir='ltr'><strong>negat,</strong></span> <span class='ocrx_word' id='word_1_24' title='bbox 769 659 805 700; x_wconf 81' lang='lat' dir='ltr'><strong>se</strong></span> <span class='ocrx_word' id='word_1_25' title='bbox 819 658 1000 716; x_wconf 78' lang='lat' dir='ltr'><strong>passurum.</strong></span> <span class='ocrx_word' id='word_1_26' title='bbox 1044 641 1091 700; x_wconf 82' lang='lat' dir='ltr'><strong>Ac</strong></span> <span class='ocrx_word' id='word_1_27' title='bbox 1112 643 1143 700; x_wconf 82' lang='lat' dir='ltr'><strong>st</strong></span> <span class='ocrx_word' id='word_1_28' title='bbox 1165 643 1214 701; x_wconf 83' lang='lat' dir='ltr'><strong>tu-</strong></span> 
     </span>
     <span class='ocr_line' id='line_1_5' title="bbox 236 727 1215 804; baseline -0.007 -14"><span class='ocrx_word' id='word_1_29' title='bbox 236 733 308 790; x_wconf 82' lang='lat' dir='ltr'><strong>vttts</strong></span> <span class='ocrx_word' id='word_1_30' title='bbox 329 729 457 804; x_wconf 80' lang='lat' dir='ltr'><strong>Scythis</strong></span> <span class='ocrx_word' id='word_1_31' title='bbox 478 737 613 787; x_wconf 80' lang='lat' dir='ltr'><strong>statuam</strong></span> <span class='ocrx_word' id='word_1_32' title='bbox 633 736 754 802; x_wconf 79' lang='lat' dir='ltr'><strong>ponat,</strong></span> <span class='ocrx_word' id='word_1_33' title='bbox 785 744 821 786; x_wconf 89' lang='lat' dir='ltr'><strong>ee</strong></span> <span class='ocrx_word' id='word_1_34' title='bbox 845 729 988 802; x_wconf 67' lang='lat' dir='ltr'><strong>depresso</strong></span> <span class='ocrx_word' id='word_1_35' title='bbox 1010 727 1215 801; x_wconf 81' lang='lat' dir='ltr'><strong>sublatarum,</strong></span> 
     </span>
    </p>

    <p class='ocr_par' dir='ltr' id='par_1_3' title="bbox 184 805 1215 1467">
     <span class='ocr_line' id='line_1_6' title="bbox 184 805 1214 889; baseline -0.005 -14"><span class='ocrx_word' id='word_1_36' title='bbox 184 819 226 877; x_wconf 87' lang='lat'><strong>10</strong></span> <span class='ocrx_word' id='word_1_37' title='bbox 236 831 457 889; x_wconf 76' lang='lat' dir='ltr'><strong>aerearumque</strong></span> <span class='ocrx_word' id='word_1_38' title='bbox 483 830 540 872; x_wconf 84' lang='lat' dir='ltr'><strong>nes</strong></span> <span class='ocrx_word' id='word_1_39' title='bbox 560 821 685 873; x_wconf 78' lang='lat' dir='ltr'><em>statuae</em></span> <span class='ocrx_word' id='word_1_40' title='bbox 706 815 738 870; x_wconf 81' lang='lat' dir='ltr'><strong>iu</strong></span> <span class='ocrx_word' id='word_1_41' title='bbox 762 813 890 872; x_wconf 70' lang='lat' dir='ltr'><strong>eracleos</strong></span> <span class='ocrx_word' id='word_1_42' title='bbox 910 814 1106 886; x_wconf 72' lang='lat' dir='ltr'><strong>ancillarum.</strong></span> <span class='ocrx_word' id='word_1_43' title='bbox 1151 805 1214 870; x_wconf 88' lang='lat' dir='ltr'><strong>His</strong></span> 
     </span>
     <span class='ocr_line' id='line_1_7' title="bbox 234 889 1215 978; baseline -0.004 -20"><span class='ocrx_word' id='word_1_44' title='bbox 234 893 541 978; x_wconf 82' lang='lat' dir='ltr'><strong>utrimqueirritatis</strong></span> <span class='ocrx_word' id='word_1_45' title='bbox 550 893 680 974; x_wconf 87' lang='lat' dir='ltr'><strong>animis,</strong></span> <span class='ocrx_word' id='word_1_46' title='bbox 687 891 849 978; x_wconf 89' lang='lat' dir='ltr'><strong>proelium</strong></span> <span class='ocrx_word' id='word_1_47' title='bbox 859 892 1082 958; x_wconf 86' lang='lat' dir='ltr'><strong>committitur.</strong></span> <span class='ocrx_word' id='word_1_48' title='bbox 1101 889 1215 970; x_wconf 75' lang='lat' dir='ltr'><strong>Quum</strong></span> 
     </span>
     <span class='ocr_line' id='line_1_8' title="bbox 233 975 1215 1078; baseline -0.003 -36"><span class='ocrx_word' id='word_1_49' title='bbox 233 979 356 1042; x_wconf 88' lang='lat' dir='ltr'><strong>virtute</strong></span> <span class='ocrx_word' id='word_1_50' title='bbox 376 987 408 1044; x_wconf 87' lang='lat' dir='ltr'><strong>ct</strong></span> <span class='ocrx_word' id='word_1_51' title='bbox 421 1000 561 1042; x_wconf 86' lang='lat' dir='ltr'><strong>numero</strong></span> <span class='ocrx_word' id='word_1_52' title='bbox 576 985 781 1078; x_wconf 74' lang='lat' dir='ltr'><strong>praestarent</strong></span> <span class='ocrx_word' id='word_1_53' title='bbox 794 976 952 1062; x_wconf 79' lang='lat' dir='ltr'><strong>Scythae,</strong></span> <span class='ocrx_word' id='word_1_54' title='bbox 974 985 1049 1040; x_wconf 91' lang='lat' dir='ltr'><strong>astu</strong></span> <span class='ocrx_word' id='word_1_55' title='bbox 1063 975 1215 1061; x_wconf 90' lang='lat' dir='ltr'><strong>Philippi</strong></span> 
     </span>
     <span class='ocr_line' id='line_1_9' title="bbox 232 1061 1215 1148; baseline -0.003 -21"><span class='ocrx_word' id='word_1_56' title='bbox 232 1065 424 1132; x_wconf 84' lang='lat' dir='ltr'><strong>vincuntur,</strong></span> <span class='ocrx_word' id='word_1_57' title='bbox 461 1063 590 1148; x_wconf 83' lang='lat' dir='ltr'><strong>Vigintr</strong></span> <span class='ocrx_word' id='word_1_58' title='bbox 616 1063 722 1127; x_wconf 91' lang='lat' dir='ltr'><strong>millia</strong></span> <span class='ocrx_word' id='word_1_59' title='bbox 747 1083 924 1148; x_wconf 89' lang='lat' dir='ltr'><strong>puerorum</strong></span> <span class='ocrx_word' id='word_1_60' title='bbox 952 1083 990 1125; x_wconf 89' lang='lat' dir='ltr'><strong>ac</strong></span> <span class='ocrx_word' id='word_1_61' title='bbox 1015 1061 1215 1125; x_wconf 86' lang='lat' dir='ltr'><strong>feminarum</strong></span> 
     </span>
     <span class='ocr_line' id='line_1_10' title="bbox 233 1145 1215 1294; baseline -0.003 -81"><span class='ocrx_word' id='word_1_62' title='bbox 233 1159 340 1234; x_wconf 89' lang='lat' dir='ltr'><strong>capta,</strong></span> <span class='ocrx_word' id='word_1_63' title='bbox 363 1150 491 1233; x_wconf 90' lang='lat' dir='ltr'><strong>pecoris</strong></span> <span class='ocrx_word' id='word_1_64' title='bbox 513 1169 636 1234; x_wconf 84' lang='lat' dir='ltr'><strong>magna</strong></span> <span class='ocrx_word' id='word_1_65' title='bbox 656 1147 717 1226; x_wconf 85' lang='lat' dir='ltr'><strong>vis,</strong></span> <span class='ocrx_word' id='word_1_66' title='bbox 740 1147 813 1211; x_wconf 89' lang='lat' dir='ltr'><strong>auri</strong></span> <span class='ocrx_word' id='word_1_67' title='bbox 828 1147 1021 1294; x_wconf 49' lang='lat' dir='ltr'><strong>argentipue</strong></span> <span class='ocrx_word' id='word_1_68' title='bbox 1035 1145 1133 1210; x_wconf 90' lang='lat' dir='ltr'><strong>nihil.</strong></span> <span class='ocrx_word' id='word_1_69' title='bbox 1162 1145 1215 1210; x_wconf 87' lang='lat' dir='ltr'><strong>Ea</strong></span> 
     </span>
     <span class='ocr_line' id='line_1_11' title="bbox 232 1230 1215 1319; baseline -0.005 -21"><span class='ocrx_word' id='word_1_70' title='bbox 232 1233 481 1319; x_wconf 88' lang='lat' dir='ltr'><strong>primum-fides</strong></span> <span class='ocrx_word' id='word_1_71' title='bbox 502 1233 636 1317; x_wconf 82' lang='lat' dir='ltr'><strong>inopiae</strong></span> <span class='ocrx_word' id='word_1_72' title='bbox 651 1231 826 1318; x_wconf 75' lang='lat' dir='ltr'><strong>Scythicae</strong></span> <span class='ocrx_word' id='word_1_73' title='bbox 848 1231 919 1294; x_wconf 82' lang='lat' dir='ltr'><strong>fuit</strong></span> <span class='ocrx_word' id='word_1_74' title='bbox 988 1231 1082 1314; x_wconf 83' lang='lat' dir='ltr'><strong>iginti</strong></span> <span class='ocrx_word' id='word_1_75' title='bbox 1107 1230 1215 1294; x_wconf 88' lang='lat' dir='ltr'><strong>millia</strong></span> 
     </span>
     <span class='ocr_line' id='line_1_12' title="bbox 232 1315 1214 1404; baseline -0.002 -22"><span class='ocrx_word' id='word_1_76' title='bbox 232 1318 395 1383; x_wconf 86' lang='lat' dir='ltr'><strong>nobilium</strong></span> <span class='ocrx_word' id='word_1_77' title='bbox 418 1340 579 1404; x_wconf 84' lang='lat' dir='ltr'><strong>equarum</strong></span> <span class='ocrx_word' id='word_1_78' title='bbox 600 1317 644 1381; x_wconf 90' lang='lat' dir='ltr'><strong>ad</strong></span> <span class='ocrx_word' id='word_1_79' title='bbox 665 1339 771 1402; x_wconf 87' lang='lat' dir='ltr'><strong>genus</strong></span> <span class='ocrx_word' id='word_1_80' title='bbox 791 1315 981 1380; x_wconf 86' lang='lat' dir='ltr'><strong>faciendum</strong></span> <span class='ocrx_word' id='word_1_81' title='bbox 1002 1317 1038 1378; x_wconf 89' lang='lat' dir='ltr'><strong>in</strong></span> <span class='ocrx_word' id='word_1_82' title='bbox 1059 1315 1214 1380; x_wconf 86' lang='lat' dir='ltr'><strong>Macedo-</strong></span> 
     </span>
     <span class='ocr_line' id='line_1_13' title="bbox 233 1425 450 1467; baseline 0 -1"><span class='ocrx_word' id='word_1_83' title='bbox 233 1425 323 1467; x_wconf 86' lang='lat' dir='ltr'><strong>mam</strong></span> <span class='ocrx_word' id='word_1_84' title='bbox 339 1425 450 1467; x_wconf 81' lang='lat' dir='ltr'><strong>m1ssa.</strong></span> 
     </span>
    </p>
   </div>
   <div class='ocr_carea' id='block_1_3' title="bbox 328 1488 1115 1640">
    <p class='ocr_par' dir='ltr' id='par_1_4' title="bbox 328 1488 1115 1640">
     <span class='ocr_line' id='line_1_14' title="bbox 328 1488 1115 1640; baseline -0.001 -12"><span class='ocrx_word' id='word_1_85' title='bbox 328 1571 526 1628; x_wconf 79' lang='lat' dir='ltr'><strong>Athenienses</strong></span> <span class='ocrx_word' id='word_1_86' title='bbox 544 1573 576 1627; x_wconf 89' lang='lat' dir='ltr'><strong>et</strong></span> <span class='ocrx_word' id='word_1_87' title='bbox 593 1488 729 1628; x_wconf 58' lang='lat' dir='ltr'><strong>{rhoffi</strong></span> <span class='ocrx_word' id='word_1_88' title='bbox 746 1489 924 1640; x_wconf 55' lang='lat' dir='ltr'><strong>dstl’htlippo</strong></span> <span class='ocrx_word' id='word_1_89' title='bbox 942 1569 1115 1628; x_wconf 78' lang='lat' dir='ltr'><strong>ducuntur.</strong></span> 
     </span>
    </p>
   </div>
   <div class='ocr_carea' id='block_1_4' title="bbox 183 1655 1323 2086">
    <p class='ocr_par' dir='ltr' id='par_1_5' title="bbox 183 1655 1323 2086">
     <span class='ocr_line' id='line_1_15' title="bbox 183 1655 1214 1742; baseline -0.002 -18"><span class='ocrx_word' id='word_1_90' title='bbox 183 1667 220 1724; x_wconf 92' lang='lat'><strong>11</strong></span> <span class='ocrx_word' id='word_1_91' title='bbox 297 1656 364 1722; x_wconf 87' lang='lat' dir='ltr'><strong>Sed</strong></span> <span class='ocrx_word' id='word_1_92' title='bbox 377 1658 557 1722; x_wconf 87' lang='lat' dir='ltr'><strong>revertenti</strong></span> <span class='ocrx_word' id='word_1_93' title='bbox 572 1657 614 1721; x_wconf 89' lang='lat' dir='ltr'><strong>ab</strong></span> <span class='ocrx_word' id='word_1_94' title='bbox 627 1656 765 1742; x_wconf 87' lang='lat' dir='ltr'><strong>Scythia</strong></span> <span class='ocrx_word' id='word_1_95' title='bbox 777 1656 916 1721; x_wconf 87' lang='lat' dir='ltr'><strong>Triballi</strong></span> <span class='ocrx_word' id='word_1_96' title='bbox 927 1655 1083 1742; x_wconf 88' lang='lat' dir='ltr'><strong>Philippo</strong></span> <span class='ocrx_word' id='word_1_97' title='bbox 1099 1678 1214 1723; x_wconf 84' lang='lat' dir='ltr'><strong>occur·</strong></span> 
     </span>
     <span class='ocr_line' id='line_1_16' title="bbox 232 1741 1323 1828; baseline -0.002 -20"><span class='ocrx_word' id='word_1_98' title='bbox 232 1752 324 1825; x_wconf 80' lang='lat' dir='ltr'><strong>runt3</strong></span> <span class='ocrx_word' id='word_1_99' title='bbox 344 1750 479 1828; x_wconf 85' lang='lat' dir='ltr'><strong>negant,</strong></span> <span class='ocrx_word' id='word_1_100' title='bbox 503 1765 537 1807; x_wconf 92' lang='lat' dir='ltr'><strong>se</strong></span> <span class='ocrx_word' id='word_1_101' title='bbox 552 1743 727 1806; x_wconf 86' lang='lat' dir='ltr'><strong>transitum</strong></span> <span class='ocrx_word' id='word_1_102' title='bbox 743 1741 892 1824; x_wconf 86' lang='lat' dir='ltr'><strong>daturos,</strong></span> <span class='ocrx_word' id='word_1_103' title='bbox 908 1742 944 1805; x_wconf 92' lang='lat' dir='ltr'><strong>ni</strong></span> <span class='ocrx_word' id='word_1_104' title='bbox 959 1743 1144 1826; x_wconf 86' lang='lat' dir='ltr'><strong>portionem</strong></span> <span class='ocrx_word' id='word_1_105' title='bbox 1161 1764 1214 1806; x_wconf 90' lang='lat' dir='ltr'><strong>ac·</strong></span> <span class='ocrx_word' id='word_1_106' title='bbox 1322 1819 1323 1822; x_wconf 8' lang='grc' dir='ltr'><strong>Ἴ</strong></span> 
     </span>
     <span class='ocr_line' id='line_1_17' title="bbox 232 1826 1212 1914; baseline 0 -22"><span class='ocrx_word' id='word_1_107' title='bbox 232 1829 359 1913; x_wconf 89' lang='lat' dir='ltr'><strong>cipiant</strong></span> <span class='ocrx_word' id='word_1_108' title='bbox 371 1828 525 1914; x_wconf 85' lang='lat' dir='ltr'><strong>praedae.</strong></span> <span class='ocrx_word' id='word_1_109' title='bbox 562 1827 652 1892; x_wconf 88' lang='lat' dir='ltr'><strong>Hinc</strong></span> <span class='ocrx_word' id='word_1_110' title='bbox 669 1828 817 1913; x_wconf 85' lang='lat' dir='ltr'><strong>jurgium</strong></span> <span class='ocrx_word' id='word_1_111' title='bbox 842 1836 967 1891; x_wconf 88' lang='lat' dir='ltr'><strong>etmox</strong></span> <span class='ocrx_word' id='word_1_112' title='bbox 981 1826 1154 1912; x_wconf 87' lang='lat' dir='ltr'><strong>proelium,</strong></span> <span class='ocrx_word' id='word_1_113' title='bbox 1177 1829 1212 1892; x_wconf 91' lang='lat' dir='ltr'><strong>in</strong></span> 
     </span>
     <span class='ocr_line' id='line_1_18' title="bbox 233 1907 1215 2000; baseline 0.002 -24"><span class='ocrx_word' id='word_1_114' title='bbox 233 1935 299 2000; x_wconf 90' lang='lat' dir='ltr'><strong>quo</strong></span> <span class='ocrx_word' id='word_1_115' title='bbox 321 1915 369 1978; x_wconf 87' lang='lat' dir='ltr'><strong>ita</strong></span> <span class='ocrx_word' id='word_1_116' title='bbox 391 1915 427 1978; x_wconf 90' lang='lat' dir='ltr'><strong>in</strong></span> <span class='ocrx_word' id='word_1_117' title='bbox 449 1914 573 1978; x_wconf 87' lang='lat' dir='ltr'><strong>femore</strong></span> <span class='ocrx_word' id='word_1_118' title='bbox 593 1912 787 1976; x_wconf 85' lang='lat' dir='ltr'><strong>vulneratus</strong></span> <span class='ocrx_word' id='word_1_119' title='bbox 810 1921 860 1976; x_wconf 88' lang='lat' dir='ltr'><strong>est</strong></span> <span class='ocrx_word' id='word_1_120' title='bbox 879 1910 1068 1998; x_wconf 87' lang='lat' dir='ltr'><strong>Philippus,</strong></span> <span class='ocrx_word' id='word_1_121' title='bbox 1092 1921 1130 1976; x_wconf 90' lang='lat' dir='ltr'><strong>ut</strong></span> <span class='ocrx_word' id='word_1_122' title='bbox 1150 1907 1215 2000; x_wconf 76' lang='lat' dir='ltr'><strong>&#39;per</strong></span> 
     </span>
     <span class='ocr_line' id='line_1_19' title="bbox 232 1997 1214 2086; baseline 0.003 -26"><span class='ocrx_word' id='word_1_123' title='bbox 232 2019 352 2081; x_wconf 89' lang='lat' dir='ltr'><strong>corpus</strong></span> <span class='ocrx_word' id='word_1_124' title='bbox 375 2000 445 2086; x_wconf 88' lang='lat' dir='ltr'><strong>ejus</strong></span> <span class='ocrx_word' id='word_1_125' title='bbox 468 2021 572 2085; x_wconf 89' lang='lat' dir='ltr'><strong>equus</strong></span> <span class='ocrx_word' id='word_1_126' title='bbox 587 1997 836 2063; x_wconf 78' lang='lat' dir='ltr'><strong>interficeretur.</strong></span> <span class='ocrx_word' id='word_1_127' title='bbox 871 1997 982 2077; x_wconf 77' lang='lat' dir='ltr'><strong>Quum</strong></span> <span class='ocrx_word' id='word_1_128' title='bbox 999 2019 1112 2062; x_wconf 87' lang='lat' dir='ltr'><strong>omncs</strong></span> <span class='ocrx_word' id='word_1_129' title='bbox 1128 2000 1214 2064; x_wconf 90' lang='lat' dir='ltr'><strong>occi·</strong></span> 
     </span>
    </p>
   </div>
   <div class='ocr_carea' id='block_1_5' title="bbox 137 2081 1215 2170">
    <p class='ocr_par' dir='ltr' id='par_1_6' title="bbox 137 2081 1215 2170">
     <span class='ocr_line' id='line_1_20' title="bbox 137 2081 1215 2170; baseline 0.004 -26"><span class='ocrx_word' id='word_1_130' title='bbox 137 2083 140 2092; x_wconf 84' lang='lat'>&#39;</span> <span class='ocrx_word' id='word_1_131' title='bbox 233 2103 306 2145; x_wconf 92' lang='lat' dir='ltr'><strong>sum</strong></span> <span class='ocrx_word' id='word_1_132' title='bbox 321 2092 484 2166; x_wconf 84' lang='lat' dir='ltr'><strong>putarent,</strong></span> <span class='ocrx_word' id='word_1_133' title='bbox 504 2083 629 2169; x_wconf 82' lang='lat' dir='ltr'><strong>praeda</strong></span> <span class='ocrx_word' id='word_1_134' title='bbox 643 2083 764 2146; x_wconf 86' lang='lat' dir='ltr'><strong>amissa</strong></span> <span class='ocrx_word' id='word_1_135' title='bbox 779 2090 837 2147; x_wconf 85' lang='lat' dir='ltr'><strong>est.</strong></span> <span class='ocrx_word' id='word_1_136' title='bbox 873 2082 925 2146; x_wconf 86' lang='lat' dir='ltr'><strong>Ita</strong></span> <span class='ocrx_word' id='word_1_137' title='bbox 938 2081 1103 2170; x_wconf 86' lang='lat' dir='ltr'><strong>Scythica,</strong></span> <span class='ocrx_word' id='word_1_138' title='bbox 1120 2083 1215 2148; x_wconf 86' lang='lat' dir='ltr'><strong>velut</strong></span> 
     </span>
    </p>
   </div>
   <div class='ocr_carea' id='block_1_6' title="bbox 182 2166 1322 2253">
    <p class='ocr_par' dir='ltr' id='par_1_7' title="bbox 182 2166 1322 2253">
     <span class='ocr_line' id='line_1_21' title="bbox 182 2166 1322 2253; baseline 0 -21"><span class='ocrx_word' id='word_1_139' title='bbox 182 2167 353 2232; x_wconf 79' lang='lat' dir='ltr'><strong>1edev0ts</strong></span> <span class='ocrx_word' id='word_1_140' title='bbox 366 2167 473 2251; x_wconf 88' lang='lat' dir='ltr'><strong>spolia</strong></span> <span class='ocrx_word' id='word_1_141' title='bbox 483 2189 590 2253; x_wconf 90' lang='lat' dir='ltr'><strong>paene</strong></span> <span class='ocrx_word' id='word_1_142' title='bbox 600 2167 752 2232; x_wconf 88' lang='lat' dir='ltr'><strong>luctuosa</strong></span> <span class='ocrx_word' id='word_1_143' title='bbox 761 2166 999 2232; x_wconf 85' lang='lat' dir='ltr'><strong>Macedonibus</strong></span> <span class='ocrx_word' id='word_1_144' title='bbox 1010 2168 1111 2231; x_wconf 88' lang='lat' dir='ltr'><strong>fuere.</strong></span> <span class='ocrx_word' id='word_1_145' title='bbox 1142 2167 1210 2232; x_wconf 90' lang='lat' dir='ltr'><strong>Ubi</strong></span> <span class='ocrx_word' id='word_1_146' title='bbox 1321 2177 1322 2252; x_wconf 58' lang='grc' dir='ltr'>ξ</span> 
     </span>
    </p>
   </div>
   <div class='ocr_carea' id='block_1_7' title="bbox 230 2251 1212 2592">
    <p class='ocr_par' dir='ltr' id='par_1_8' title="bbox 230 2251 1212 2592">
     <span class='ocr_line' id='line_1_22' title="bbox 231 2251 1211 2338; baseline 0.003 -25"><span class='ocrx_word' id='word_1_147' title='bbox 231 2273 312 2314; x_wconf 89' lang='lat' dir='ltr'><strong>vero</strong></span> <span class='ocrx_word' id='word_1_148' title='bbox 327 2273 370 2314; x_wconf 85' lang='lat' dir='ltr'><strong>ex</strong></span> <span class='ocrx_word' id='word_1_149' title='bbox 385 2252 523 2316; x_wconf 86' lang='lat' dir='ltr'><strong>vulnere</strong></span> <span class='ocrx_word' id='word_1_150' title='bbox 538 2254 682 2338; x_wconf 91' lang='lat' dir='ltr'><strong>primum</strong></span> <span class='ocrx_word' id='word_1_151' title='bbox 697 2253 876 2333; x_wconf 83' lang='lat' dir='ltr'><strong>convaluit,</strong></span> <span class='ocrx_word' id='word_1_152' title='bbox 893 2252 950 2316; x_wconf 90' lang='lat' dir='ltr'><strong>diu</strong></span> <span class='ocrx_word' id='word_1_153' title='bbox 966 2251 1211 2316; x_wconf 88' lang='lat' dir='ltr'><strong>dissimulatum</strong></span> 
     </span>
     <span class='ocr_line' id='line_1_23' title="bbox 231 2334 1212 2424; baseline 0.004 -26"><span class='ocrx_word' id='word_1_154' title='bbox 231 2335 357 2399; x_wconf 89' lang='lat' dir='ltr'><strong>bellum</strong></span> <span class='ocrx_word' id='word_1_155' title='bbox 369 2334 630 2401; x_wconf 82' lang='lat' dir='ltr'><strong>Atheniensibus</strong></span> <span class='ocrx_word' id='word_1_156' title='bbox 645 2337 753 2419; x_wconf 88' lang='lat' dir='ltr'><strong>infert,</strong></span> <span class='ocrx_word' id='word_1_157' title='bbox 775 2360 913 2424; x_wconf 92' lang='lat' dir='ltr'><strong>quorum</strong></span> <span class='ocrx_word' id='word_1_158' title='bbox 926 2357 1046 2416; x_wconf 84' lang='lat' dir='ltr'><strong>causae</strong></span> <span class='ocrx_word' id='word_1_159' title='bbox 1058 2336 1212 2402; x_wconf 87' lang='lat' dir='ltr'><strong>Thebani</strong></span> 
     </span>
     <span class='ocr_line' id='line_1_24' title="bbox 232 2420 1211 2504; baseline 0.003 -21"><span class='ocrx_word' id='word_1_160' title='bbox 232 2442 267 2483; x_wconf 91' lang='lat' dir='ltr'><strong>se</strong></span> <span class='ocrx_word' id='word_1_161' title='bbox 284 2423 421 2486; x_wconf 86' lang='lat' dir='ltr'><strong>&#39;unxere</strong></span> <span class='ocrx_word' id='word_1_162' title='bbox 437 2430 629 2504; x_wconf 84' lang='lat' dir='ltr'><strong>metuentes,</strong></span> <span class='ocrx_word' id='word_1_163' title='bbox 645 2445 689 2486; x_wconf 90' lang='lat' dir='ltr'><strong>ne</strong></span> <span class='ocrx_word' id='word_1_164' title='bbox 703 2423 798 2486; x_wconf 84' lang='lat' dir='ltr'><strong>victis</strong></span> <span class='ocrx_word' id='word_1_165' title='bbox 810 2421 1069 2488; x_wconf 88' lang='lat' dir='ltr'><strong>Atheniensibus</strong></span> <span class='ocrx_word' id='word_1_166' title='bbox 1083 2420 1211 2486; x_wconf 89' lang='lat' dir='ltr'><strong>bellum</strong></span> 
     </span>
     <span class='ocr_line' id='line_1_25' title="bbox 230 2444 1212 2592; baseline 0.004 -24"><span class='ocrx_word' id='word_1_167' title='bbox 230 2444 336 2570; x_wconf 81' lang='lat' dir='ltr'><strong>velhti</strong></span> <span class='ocrx_word' id='word_1_168' title='bbox 354 2507 502 2571; x_wconf 85' lang='lat' dir='ltr'><strong>vicinum</strong></span> <span class='ocrx_word' id='word_1_169' title='bbox 517 2507 708 2571; x_wconf 86' lang='lat' dir='ltr'><strong>incendium</strong></span> <span class='ocrx_word' id='word_1_170' title='bbox 724 2506 767 2572; x_wconf 88' lang='lat' dir='ltr'><strong>ad</strong></span> <span class='ocrx_word' id='word_1_171' title='bbox 783 2529 819 2570; x_wconf 90' lang='lat' dir='ltr'><strong>se</strong></span> <span class='ocrx_word' id='word_1_172' title='bbox 833 2507 995 2571; x_wconf 83' lang='lat' dir='ltr'><strong>transiret.</strong></span> <span class='ocrx_word' id='word_1_173' title='bbox 1032 2507 1137 2572; x_wconf 81' lang='lat' dir='ltr'><strong>Facta</strong></span> <span class='ocrx_word' id='word_1_174' title='bbox 1150 2508 1212 2592; x_wconf 84' lang='lat' dir='ltr'><strong>igi-</strong></span> 
     </span>
    </p>
   </div>
   <div class='ocr_carea' id='block_1_8' title="bbox 231 2592 1212 2676">
    <p class='ocr_par' dir='ltr' id='par_1_9' title="bbox 231 2592 1212 2676">
     <span class='ocr_line' id='line_1_26' title="bbox 231 2592 1212 2676; baseline 0.004 -23"><span class='ocrx_word' id='word_1_175' title='bbox 231 2599 286 2654; x_wconf 88' lang='lat' dir='ltr'><strong>tur</strong></span> <span class='ocrx_word' id='word_1_176' title='bbox 299 2593 386 2656; x_wconf 88' lang='lat' dir='ltr'><strong>inter</strong></span> <span class='ocrx_word' id='word_1_177' title='bbox 397 2592 480 2656; x_wconf 91' lang='lat' dir='ltr'><strong>duas</strong></span> <span class='ocrx_word' id='word_1_178' title='bbox 492 2592 592 2676; x_wconf 88' lang='lat' dir='ltr'><strong>paulo</strong></span> <span class='ocrx_word' id='word_1_179' title='bbox 608 2601 684 2656; x_wconf 89' lang='lat' dir='ltr'><strong>ante</strong></span> <span class='ocrx_word' id='word_1_180' title='bbox 699 2592 928 2657; x_wconf 88' lang='lat' dir='ltr'><strong>infestissimas</strong></span> <span class='ocrx_word' id='word_1_181' title='bbox 944 2593 1093 2656; x_wconf 83' lang='lat' dir='ltr'><strong>civitates</strong></span> <span class='ocrx_word' id='word_1_182' title='bbox 1109 2593 1212 2657; x_wconf 78' lang='lat' dir='ltr'><strong>socie</strong></span> 
     </span>
    </p>
   </div>
   <div class='ocr_carea' id='block_1_9' title="bbox 231 2675 1321 2762">
    <p class='ocr_par' dir='ltr' id='par_1_10' title="bbox 231 2675 1321 2762">
     <span class='ocr_line' id='line_1_27' title="bbox 231 2675 1321 2762; baseline 0.004 -23"><span class='ocrx_word' id='word_1_183' title='bbox 231 2683 313 2756; x_wconf 89' lang='lat' dir='ltr'><strong>tate,</strong></span> <span class='ocrx_word' id='word_1_184' title='bbox 355 2675 576 2761; x_wconf 88' lang='lat' dir='ltr'><strong>legationibus</strong></span> <span class='ocrx_word' id='word_1_185' title='bbox 615 2677 790 2741; x_wconf 81' lang='lat' dir='ltr'><strong>Graeciam</strong></span> <span class='ocrx_word' id='word_1_186' title='bbox 827 2677 984 2762; x_wconf 68' lang='lat' dir='ltr'><strong>fatigant,</strong></span> <span class='ocrx_word' id='word_1_187' title='bbox 1021 2699 1211 2746; x_wconf 78' lang='lat' dir='ltr'><strong>commaneat</strong></span> <span class='ocrx_word' id='word_1_188' title='bbox 1320 2683 1321 2732; x_wconf 70' lang='lat' dir='ltr'><strong>l</strong></span> 
     </span>
    </p>
   </div>
   <div class='ocr_carea' id='block_1_10' title="bbox 229 2766 1214 3008">
    <p class='ocr_par' dir='ltr' id='par_1_11' title="bbox 229 2766 1214 3008">
     <span class='ocr_line' id='line_1_28' title="bbox 231 2766 1211 2845; baseline 0.006 -22"><span class='ocrx_word' id='word_1_189' title='bbox 231 2766 366 2839; x_wconf 78' lang='lat' dir='ltr'><strong>testem,</strong></span> <span class='ocrx_word' id='word_1_190' title='bbox 418 2770 550 2845; x_wconf 89' lang='lat' dir='ltr'><strong>putant,</strong></span> <span class='ocrx_word' id='word_1_191' title='bbox 602 2770 814 2828; x_wconf 77' lang='lat' dir='ltr'><strong>communibus</strong></span> <span class='ocrx_word' id='word_1_192' title='bbox 864 2769 984 2828; x_wconf 79' lang='lat' dir='ltr'><strong>uiribus</strong></span> <span class='ocrx_word' id='word_1_193' title='bbox 1026 2769 1211 2829; x_wconf 84' lang='lat' dir='ltr'><strong>submouen-</strong></span> 
     </span>
     <span class='ocr_line' id='line_1_29' title="bbox 232 2852 1214 2928; baseline 0.009 -21"><span class='ocrx_word' id='word_1_194' title='bbox 232 2852 324 2921; x_wconf 84' lang='lat' dir='ltr'><strong>dum‚·</strong></span> <span class='ocrx_word' id='word_1_195' title='bbox 351 2868 452 2924; x_wconf 83' lang='lat' dir='ltr'><strong>neque</strong></span> <span class='ocrx_word' id='word_1_196' title='bbox 474 2854 555 2911; x_wconf 77' lang='lat' dir='ltr'><strong>enim</strong></span> <span class='ocrx_word' id='word_1_197' title='bbox 578 2861 768 2912; x_wconf 81' lang='lat' dir='ltr'><strong>cessaturum</strong></span> <span class='ocrx_word' id='word_1_198' title='bbox 790 2854 983 2927; x_wconf 66' lang='lat' dir='ltr'><strong>Philebum,</strong></span> <span class='ocrx_word' id='word_1_199' title='bbox 1006 2856 1037 2914; x_wconf 80' lang='lat' dir='ltr'><strong>si</strong></span> <span class='ocrx_word' id='word_1_200' title='bbox 1053 2871 1214 2928; x_wconf 77' lang='lat' dir='ltr'><strong>prospere</strong></span> 
     </span>
     <span class='ocr_line' id='line_1_30' title="bbox 229 2939 1211 3008; baseline 0.005 -15"><span class='ocrx_word' id='word_1_201' title='bbox 229 2939 333 3008; x_wconf 78' lang='lat' dir='ltr'><strong>prisea</strong></span> <span class='ocrx_word' id='word_1_202' title='bbox 359 2939 586 3008; x_wconf 80' lang='lat' dir='ltr'><strong>successerint,</strong></span> <span class='ocrx_word' id='word_1_203' title='bbox 615 2941 693 2998; x_wconf 80' lang='lat' dir='ltr'><strong>nisi.</strong></span> <span class='ocrx_word' id='word_1_204' title='bbox 709 2955 827 2998; x_wconf 83' lang='lat' dir='ltr'><strong>emnem</strong></span> <span class='ocrx_word' id='word_1_205' title='bbox 851 2939 1018 2998; x_wconf 78' lang='lat' dir='ltr'><strong>Graeciam</strong></span> <span class='ocrx_word' id='word_1_206' title='bbox 1044 2941 1211 3000; x_wconf 80' lang='lat' dir='ltr'><strong>domuerit.</strong></span> 
     </span>
    </p>
   </div>
   <div class='ocr_carea' id='block_1_11' title="bbox 231 3014 1320 3106">
    <p class='ocr_par' dir='ltr' id='par_1_12' title="bbox 231 3014 1320 3106">
     <span class='ocr_line' id='line_1_31' title="bbox 231 3014 1320 3106; baseline 0 -28"><span class='ocrx_word' id='word_1_207' title='bbox 231 3015 340 3080; x_wconf 88' lang='lat' dir='ltr'><strong>Motae</strong></span> <span class='ocrx_word' id='word_1_208' title='bbox 365 3014 527 3102; x_wconf 87' lang='lat' dir='ltr'><strong>quaedam</strong></span> <span class='ocrx_word' id='word_1_209' title='bbox 552 3017 701 3082; x_wconf 84' lang='lat' dir='ltr'><strong>civitates</strong></span> <span class='ocrx_word' id='word_1_210' title='bbox 715 3017 975 3084; x_wconf 87' lang='lat' dir='ltr'><strong>Atheniensibus</strong></span> <span class='ocrx_word' id='word_1_211' title='bbox 997 3040 1033 3082; x_wconf 92' lang='lat' dir='ltr'><strong>se</strong></span> <span class='ocrx_word' id='word_1_212' title='bbox 1050 3019 1211 3106; x_wconf 86' lang='lat' dir='ltr'><strong>jungunt,</strong></span> <span class='ocrx_word' id='word_1_213' title='bbox 1319 3055 1320 3078; x_wconf 54' lang='lat' dir='ltr'><strong>r</strong></span> 
     </span>
    </p>
   </div>
   <div class='ocr_carea' id='block_1_12' title="bbox 181 3100 1212 3616">
    <p class='ocr_par' dir='ltr' id='par_1_13' title="bbox 181 3100 1212 3616">
     <span class='ocr_line' id='line_1_32' title="bbox 254 3100 1212 3189; baseline 0.005 -25"><span class='ocrx_word' id='word_1_214' title='bbox 254 3100 391 3165; x_wconf 79' lang='lat' dir='ltr'><strong>uaedam</strong></span> <span class='ocrx_word' id='word_1_215' title='bbox 421 3109 529 3166; x_wconf 88' lang='lat' dir='ltr'><strong>autem</strong></span> <span class='ocrx_word' id='word_1_216' title='bbox 560 3101 603 3166; x_wconf 89' lang='lat' dir='ltr'><strong>ad</strong></span> <span class='ocrx_word' id='word_1_217' title='bbox 628 3102 820 3189; x_wconf 90' lang='lat' dir='ltr'><strong>Philippum</strong></span> <span class='ocrx_word' id='word_1_218' title='bbox 849 3103 930 3167; x_wconf 92' lang='lat' dir='ltr'><strong>belli</strong></span> <span class='ocrx_word' id='word_1_219' title='bbox 962 3112 1068 3168; x_wconf 90' lang='lat' dir='ltr'><strong>metus</strong></span> <span class='ocrx_word' id='word_1_220' title='bbox 1098 3105 1212 3169; x_wconf 79' lang='lat' dir='ltr'><strong>traxit.</strong></span> 
     </span>
     <span class='ocr_line' id='line_1_33' title="bbox 181 3123 1212 3276; baseline 0.006 -27"><span class='ocrx_word' id='word_1_221' title='bbox 181 3123 361 3250; x_wconf 63' lang='lat' dir='ltr'><strong>13Aroelio</strong></span> <span class='ocrx_word' id='word_1_222' title='bbox 383 3188 571 3268; x_wconf 89' lang='lat' dir='ltr'><strong>commisso,</strong></span> <span class='ocrx_word' id='word_1_223' title='bbox 596 3210 698 3274; x_wconf 91' lang='lat' dir='ltr'><strong>quum</strong></span> <span class='ocrx_word' id='word_1_224' title='bbox 720 3188 945 3253; x_wconf 87' lang='lat' dir='ltr'><strong>Athenienses</strong></span> <span class='ocrx_word' id='word_1_225' title='bbox 963 3189 1063 3274; x_wconf 86' lang='lat' dir='ltr'><strong>longo</strong></span> <span class='ocrx_word' id='word_1_226' title='bbox 1084 3191 1212 3276; x_wconf 86' lang='lat' dir='ltr'><strong>majore</strong></span> 
     </span>
     <span class='ocr_line' id='line_1_34' title="bbox 233 3271 1212 3356; baseline 0.006 -23"><span class='ocrx_word' id='word_1_227' title='bbox 233 3271 374 3334; x_wconf 89' lang='lat' dir='ltr'><strong>militum</strong></span> <span class='ocrx_word' id='word_1_228' title='bbox 389 3293 527 3336; x_wconf 90' lang='lat' dir='ltr'><strong>numero</strong></span> <span class='ocrx_word' id='word_1_229' title='bbox 542 3282 756 3356; x_wconf 76' lang='lat' dir='ltr'><strong>praestarent,</strong></span> <span class='ocrx_word' id='word_1_230' title='bbox 781 3273 921 3339; x_wconf 85' lang='lat' dir='ltr'><strong>assiduis</strong></span> <span class='ocrx_word' id='word_1_231' title='bbox 942 3274 1040 3338; x_wconf 89' lang='lat' dir='ltr'><strong>bellis</strong></span> <span class='ocrx_word' id='word_1_232' title='bbox 1055 3273 1212 3340; x_wconf 86' lang='lat' dir='ltr'><strong>indurata</strong></span> 
     </span>
     <span class='ocr_line' id='line_1_35' title="bbox 231 3355 1212 3425; baseline 0.01 -10"><span class='ocrx_word' id='word_1_233' title='bbox 231 3356 353 3420; x_wconf 87' lang='lat' dir='ltr'><strong>virtute</strong></span> <span class='ocrx_word' id='word_1_234' title='bbox 365 3355 585 3422; x_wconf 83' lang='lat' dir='ltr'><strong>Macedonum</strong></span> <span class='ocrx_word' id='word_1_235' title='bbox 601 3359 789 3423; x_wconf 85' lang='lat' dir='ltr'><strong>vincuntur.</strong></span> <span class='ocrx_word' id='word_1_236' title='bbox 826 3359 901 3423; x_wconf 93' lang='lat' dir='ltr'><strong>Non</strong></span> <span class='ocrx_word' id='word_1_237' title='bbox 916 3368 1026 3424; x_wconf 70' lang='lat' dir='ltr'><strong>mmen</strong></span> <span class='ocrx_word' id='word_1_238' title='bbox 1041 3360 1212 3425; x_wconf 88' lang='lat' dir='ltr'><strong>immemo-</strong></span> 
     </span>
     <span class='ocr_line' id='line_1_36' title="bbox 231 3441 1211 3587; baseline 0.008 -86"><span class='ocrx_word' id='word_1_239' title='bbox 231 3461 283 3502; x_wconf 87' lang='lat' dir='ltr'><strong>res</strong></span> <span class='ocrx_word' id='word_1_240' title='bbox 304 3441 463 3587; x_wconf 77' lang='lat' dir='ltr'><strong>pristinae</strong></span> <span class='ocrx_word' id='word_1_241' title='bbox 486 3443 611 3528; x_wconf 84' lang='lat' dir='ltr'><strong>gloriae</strong></span> <span class='ocrx_word' id='word_1_242' title='bbox 633 3443 798 3526; x_wconf 88' lang='lat' dir='ltr'><strong>cecidero,</strong></span> <span class='ocrx_word' id='word_1_243' title='bbox 822 3445 945 3532; x_wconf 86' lang='lat' dir='ltr'><strong>quippe</strong></span> <span class='ocrx_word' id='word_1_244' title='bbox 966 3444 1116 3510; x_wconf 86' lang='lat' dir='ltr'><strong>adversis</strong></span> <span class='ocrx_word' id='word_1_245' title='bbox 1138 3444 1211 3509; x_wconf 87' lang='lat' dir='ltr'><strong>vul-</strong></span> 
     </span>
     <span class='ocr_line' id='line_1_37' title="bbox 231 3525 1209 3616; baseline 0.009 -31"><span class='ocrx_word' id='word_1_246' title='bbox 231 3525 303 3586; x_wconf 90' lang='lat' dir='ltr'><strong>neri</strong></span> <span class='ocrx_word' id='word_1_247' title='bbox 326 3546 366 3587; x_wconf 93' lang='lat' dir='ltr'><strong>us</strong></span> <span class='ocrx_word' id='word_1_248' title='bbox 379 3547 493 3590; x_wconf 90' lang='lat' dir='ltr'><strong>omnes</strong></span> <span class='ocrx_word' id='word_1_249' title='bbox 504 3527 587 3610; x_wconf 90' lang='lat' dir='ltr'><strong>loca,</strong></span> <span class='ocrx_word' id='word_1_250' title='bbox 597 3551 682 3614; x_wconf 87' lang='lat' dir='ltr'><strong>quae</strong></span> <span class='ocrx_word' id='word_1_251' title='bbox 694 3529 817 3594; x_wconf 87' lang='lat' dir='ltr'><strong>tuenda</strong></span> <span class='ocrx_word' id='word_1_252' title='bbox 825 3553 844 3593; x_wconf 89' lang='lat' dir='ltr'><strong>a</strong></span> <span class='ocrx_word' id='word_1_253' title='bbox 853 3529 993 3596; x_wconf 89' lang='lat' dir='ltr'><strong>ducibus</strong></span> <span class='ocrx_word' id='word_1_254' title='bbox 1003 3541 1209 3616; x_wconf 82' lang='lat' dir='ltr'><strong>acceperant,</strong></span> 
     </span>
    </p>
   </div>
   <div class='ocr_carea' id='block_1_13' title="bbox 0 0 1334 4244">
    <p class='ocr_par' dir='ltr' id='par_1_14' title="bbox 0 0 1334 4244">
     <span class='ocr_line' id='line_1_38' title="bbox 0 0 1334 4244; baseline 0 0"><span class='ocrx_word' id='word_1_255' title='bbox 0 0 1334 4244; x_wconf 95' lang='lat' dir='ltr'><strong> </strong></span> 
     </span>
    </p>
   </div>
  </div>
 </body>
</html>
