2558 4254
234 329 275 390 84
521 331 662 383 JUSTINI
680 331 928 384 maronianum

234 481 336 544 losius
360 480 493 544 differre
516 479 641 544 bellum
656 490 758 562 ratus,
781 503 823 544 ne
847 481 1032 566 desperatio
1054 484 1123 547 suis
1145 505 1213 546 cre-

235 574 349 650 sceret,
365 566 605 629 circumveotus
615 587 692 630 suos
702 562 852 650 singulas
860 576 975 650 gentes
992 566 1126 632 diversa
1142 589 1212 631 ora·
1274 623 1275 642 ,

184 657 223 716 21
234 651 323 714 tione
347 649 535 736 alloquitur.
572 647 705 734 Illyrios
728 660 761 713 et
775 650 923 714 Thracas
944 672 1044 800 opum
1068 673 1107 715 ac
1129 651 1212 716 divi-
1274 657 1275 694 ³

234 737 354 800 tiorum
378 735 606 815 ostentatione,
630 735 776 799 Graecos
798 744 947 800 veterum
991 736 1130 800 allorum
1146 759 1213 800 me·

168 811 172 830 ’
234 822 339 884 moria
371 819 634 904 internecivique
660 839 736 882 cum
761 817 871 884 Persis
896 820 966 884 odii
992 820 1211 903 accendebat3

234 903 432 968 Macedones
462 912 571 968 autem
607 925 697 968 nunc
725 903 880 990 Europae
908 906 1017 968 victas
1047 905 1212 988 admonet,

236 1010 326 1052 nunc
351 989 453 1052 Asiae
479 989 660 1072 expetitae3
687 1009 749 1051 nec
774 989 927 1052 inventos
952 997 1021 1053 toto
1043 989 1123 1053 orbs
1146 989 1212 1054 illis

236 1095 333 1158 pares
350 1074 438 1136 viros
461 1072 631 1156 gloriatur.
670 1079 806 1138 Ceterum
823 1087 852 1136 et
866 1079 1007 1138 laborum
1019 1082 1113 1150 finem
1128 1082 1213 1139 hunc

236 1165 403 1238 statariae
418 1165 567 1224 wmuium
579 1165 663 1236 fore.
700 1157 811 1243 Atque
830 1157 916 1222 inter
931 1157 1013 1222 haso
1027 1158 1209 1222 identidem

236 1244 415 1307 consistere
431 1243 535 1306 aciem
545 1241 652 1328 jubet,
668 1250 707 1305 ut
717 1242 780 1306 hac
790 1263 883 1306 mora
894 1253 1120 1324 consuescant,
1137 1265 1213 1307 oeu-

187 1333 226 1390 22
236 1327 277 1392 lis
293 1326 425 1390 turbam
439 1327 583 1391 hostium
599 1328 771 1390 sustinere.
802 1327 871 1392 Neo
882 1326 977 1390 Darii
988 1328 1100 1410 segnis
1113 1349 1214 1412 opera

236 1413 272 1476 in
288 1410 473 1476 ordinanda
487 1412 558 1475 acie
573 1411 646 1474 fuit.
685 1410 828 1496 Quippe,
853 1412 983 1476 omissis
1006 1411 1128 1476 ducum
1144 1413 1215 1478 offi-

237 1498 308 1576 ciis,
330 1496 403 1580 ipse
425 1497 537 1560 omnia
556 1496 740 1577 circumire,
763 1495 912 1579 singulos
936 1495 1071 1576 hortari,
1092 1499 1214 1562 veteris
1276 1517 1277 1532 l

237 1581 362 1666 gloriae
377 1581 552 1644 Persarum
568 1581 765 1665 imperiique
782 1587 960 1666 perpetuae
977 1581 1071 1644 adiis
1082 1581 1215 1646 immor·

187 1673 227 1730 23
237 1666 358 1730 talibus
371 1665 466 1729 datas
480 1665 698 1750 possessionis
714 1665 901 1730 admonere.
928 1665 1010 1736 Post
1024 1665 1105 1729 haec
1121 1688 1215 1750 proe

238 1751 318 1816 lium
334 1749 526 1834 ingentibus
546 1751 666 1813 animis
690 1750 917 1814 committitur.
956 1751 995 1816 In
1011 1771 1050 1816 eo
1072 1759 1213 1836 uterque

237 1857 298 1900 rox
308 1834 512 1900 vulneratur.
543 1833 685 1898 Tamdiu
696 1842 862 1900 certamen
877 1855 999 1919 auceps
1014 1834 1088 1915 fuit,
1103 1835 1216 1920 quoad

237 1921 368 2004 fugeret
382 1920 516 1984 Darius.
551 1917 686 1982 Exinde
701 1918 818 1984 caedes
833 1919 1009 1982 Persarum
1026 1931 1139 1983 secuta
1153 1931 1215 1984 est
1277 1937 1278 1964 ³

239 2005 346 2070 (laesa
367 2013 446 2067 sunt
465 2002 614 2087 peditum
629 2024 733 2068 unum
749 2012 781 2066 st
795 2004 969 2087 sexaginta
984 2003 1103 2085 millia,
1123 2025 1143 2066 e
1170 2006 1218 2067 ui-

238 2100 308 2152 tum
336 2087 449 2152 decem
480 2087 600 2167 millia,
631 2095 727 2172 capta
756 2089 976 2172 quadraginta
1000 2088 1116 2152 millia.
1145 2025 1217 2152 qu

238 2171 476 2237 Macedonibus
498 2171 646 2236 cecidere
669 2172 836 2256 pedestres
859 2181 990 2236 cantum
1015 2182 1048 2241 et
1068 2173 1218 2256 triginta,

240 2257 367 2343 equites
381 2265 513 2320 centum
529 2267 562 2320 et
577 2256 828 2342 quinquaginta.
858 2258 898 2322 In
910 2257 1026 2322 castris
1038 2257 1218 2322 Persarum

190 2341 382 2406 tumultum
409 2342 482 2405 auri
509 2349 758 2426 ceterarumque
779 2361 879 2426 opum
900 2343 1082 2407 inventum.
1123 2341 1219 2406 Inter

241 2427 390 2526 captivos
413 2435 595 2490 castrorum
610 2435 716 2489 mater
731 2433 763 2490 et
778 2447 862 2492 uxor
877 2425 991 2490 eadem
1018 2447 1059 2490 ue
1074 2447 1170 2494 soror
1186 2437 1219 2490 et

216 2511 327 2575 ,filiae
352 2510 436 2576 duae
459 2507 554 2575 Darii
579 2510 680 2575 fuere.
724 2509 779 2574 Ad
802 2532 884 2596 quas
905 2448 1062 2574 visendas
1084 2510 1220 2576 hortan-

240 2596 366 2681 dasque
378 2618 482 2682 quum
493 2593 684 2659 Alexander
698 2595 852 2675 venisset,
868 2595 1054 2679 conspectis
1070 2597 1220 2676 armatis,

239 2681 383 2744 invicem
404 2703 440 2744 ss
462 2679 645 2764 amplexae,
670 2677 762 2742 velut
782 2680 894 2744 statim
915 2680 1108 2756 morituras,
1129 2701 1221 2746 oom-

240 2763 458 2848 plorationem
480 2764 664 2828 ediderunt.
704 2763 903 2829 Provolutas
928 2763 1048 2830 deinde
1071 2764 1218 2848 genibus

240 2847 435 2929 Alexandri,
456 2870 523 2912 non
539 2857 677 2912 mortem
693 2846 921 2934 deprecantur,
941 2849 1009 2932 sed,
1026 2849 1105 2913 dum
1122 2850 1221 2912 Darii

241 2954 361 3018 eorpus
384 2933 561 3018 sepeliant,
589 2932 780 2996 dilationem
801 2935 916 2996 mortis
963 2941 1066 2997 stunt.
1106 2933 1221 2998 Motus

201 3051 205 3058 ¹
241 3025 334 3082 tanta
348 3018 525 3082 mulierum
568 3018 667 3081 ietate
682 3016 874 3082 Alexander
894 3027 927 3082 et
974 3018 1081 3082 arium
1104 3019 1222 3082 vivere

241 3099 341 3183 dixit,
364 3113 397 3168 et
417 3039 610 3167 timentilus
630 3103 744 3165 mortis
766 3111 889 3186 metum
912 3099 1071 3188 dempsit,
1094 3121 1222 3188 easque

242 3186 357 3252 haberi
373 3198 410 3254 ut
425 3190 557 3273 reginas
571 3189 750 3273 praecepit.

432 3423 531 3480 Novae
547 3340 827 3492 uounddfrlyils
844 3421 1027 3490 expugnata.

193 3529 254 3588 25·
305 3523 384 3588 Post
404 3525 487 3588 haec
514 3545 592 3610 opes
616 3523 711 3587 Darii
739 3523 995 3608 divitiarumque
1022 3534 1225 3610 apparatum
