2658 4244
473 355 583 406 masa
600 355 633 402 X·
1005 350 1041 411 61

59 510 106 572 nis
126 508 275 592 imperio
297 527 373 572 eum
393 504 578 606 'donareris
614 503 681 570 Sed
702 525 765 568 nec
785 501 910 605 'virtute
922 499 1042 586 minos,

60 593 356 742 latitat
377 589 1290 760 itiitzlttsttttttththitfi1⁴aaa.

59 764 164 827 hahis
182 766 260 851 ejus
274 762 419 826 Menelai
432 761 548 842 filium,
564 763 724 849 pervenit.
767 760 833 824 Hic
848 780 913 847 quo
939 781 981 822 uc
995 760 1044 822 in-

61 850 159 934 signis
175 848 346 914 industria
360 857 393 912 et
407 844 560 912 omnibus
576 847 794 932 imperatoriis
807 781 984 910 virtutihus
995 845 1045 908 in·

61 943 202 998 sauctus
233 935 314 1017 fuit3
367 933 402 996 ui
430 953 476 999 ex
500 931 668 1017 Eurydice
697 942 763 996 tres
789 931 874 996 lilios
902 929 1044 1012 sustulit,

61 1019 312 1100 Alexandrum,
341 955 534 1083 Perdiccam
564 1026 597 1081 et
624 1014 833 1104 Philippum,
859 1015 1045 1080 Alexandri

62 1105 175 1192 Magni
206 1103 401 1176 Macedouis
424 1109 567 1188 patrem,
592 1113 624 1172 et
649 1103 753 1172 filiam
775 1102 974 1186 Euryonen,
1002 1123 1045 1166 ex

63 1189 207 1276 Gygaea
236 1198 346 1253 autem
368 1188 583 1274 Archelaum,
606 1189 812 1270 ,Aridacum,
844 1187 1044 1252 Menelaum.

63 1277 143 1340 Cum
170 1275 302 1360 Illyriis
331 1274 450 1338 deinde
477 1283 510 1337 et
531 1294 606 1352 cum
621 1272 799 1360 ¹Olynthiis
821 1275 936 1358 gravia
956 1272 1046 1350 bella
1057 1281 1095 1338 15

63 1363 172 1446 gessit.
205 1358 342 1424 insidiis
358 1359 457 1423 etiam
471 1357 657 1445 Eurydices
673 1359 796 1441 uxoris,
813 1379 898 1450 quae
913 1360 1045 1444 nuptias

64 1449 177 1532 generi
204 1447 302 1533 pacta
323 1445 540 1515 occidendum
560 1445 670 1509 virum
692 1465 900 1534 regnumque
918 1445 1046 1534 illitre-

65 1532 213 1596 dendum
237 1553 332 1595 susce
354 1531 441 1612 erat,
458 1531 637 1617 aucupatus
652 1531 781 1611 fuisset,
797 1532 834 1594 ni
848 1527 918 1594 filia
931 1531 1046 1594 mauis

65 1618 208 1684 consilia
228 1617 325 1704 prodi
346 1618 359 1666 ,⁶
379 1625 438 1680 set.
464 1617 618 1700 Functus
635 1617 747 1702 itaque
769 1624 818 1680 tot
828 1616 984 1701 periculis
999 1636 1046 1684 ser

66 1725 130 1766 nex
168 1703 326 1784 decessit,
362 1709 466 1788 regno
502 1704 646 1766 maximo
677 1724 719 1767 cx
748 1703 825 1766 filiis
854 1701 1047 1768 Alexandro

67 1787 198 1854 tradito.
286 1835 289 1840 .
326 1787 331 1845 ζ
691 1813 694 1818 ·
1037 1793 1040 1798 '

310 1872 315 1878 ’
348 1873 351 1880 ’
392 1873 408 1904 ”
493 1871 621 1928 GAPaV.
809 1894 813 1902 ¹
899 1909 900 1916 .

140 1954 280 2026 Philippi
297 1949 415 2012 trahes
431 1956 566 2015 amatre
583 1955 731 2024 Eurydice
747 1955 985 2012 interficiuntur.

132 2040 335 2105 Alexander.
345 2042 449 2126 igitur
466 2042 554 2106 inter
574 2044 681 2126 prima
703 2042 799 2105 initia
812 2041 908 2126 regni
922 2039 1047 2104 bellum
1059 2051 1097 2108 16

70 2126 110 2190 ab
126 2125 268 2212 illyriis,
288 2137 385 2210 pacta
398 2127 555 2192 'mercede
571 2137 603 2192 et
612 2127 772 2218 ,Philippo
786 2126 886 2190 fratre
902 2126 1048 2191 dato'ob·

71 2211 159 2294 aide,
179 2211 329 2294 redemit.
372 2212 547 2299 Inteijecto
570 2221 703 2299 quoque
723 2221 870 2300 tempore
891 2231 951 2296 per
971 2233 1049 2277 eun·

72 2297 147 2362 dem
163 2297 312 2361 obsidem
327 2319 403 2362 cum
413 2297 584 2362 Thebanis
595 2300 733 2384 gratiam
745 2299 838 2384 pacis
848 2297 1049 2377 reconciliat,

72 2404 158 2466 quae
173 2404 225 2446 res
239 2381 397 2469 Philippo
408 2385 557 2446 maxima
570 2385 774 2448 incrementa
790 2385 943 2468 egregiae
957 2383 1050 2450 indo-

72 2466 112 2530 lis
142 2466 245 2531 dedic
278 2467 449 2554 Siquidem
472 2467 596 2534 Thebis
623 2469 765 2535 triennio
782 2467 883 2533 obses
905 2469 1048 2548 habitus,

72 2553 181 2637 prima
203 2553 366 2638 pueritiae
391 2555 579 2618 rudimenta
603 2555 639 2617 in
662 2554 743 2618 urbe
765 2555 947 2618 severitatis
968 2551 1049 2618 anti·

74 2659 160 2721 qnae
181 2649 214 2701 et
235 2639 271 2701 in
286 2637 382 2703 domo
395 2639 660 2741 Epaminondae,
678 2641 799 2704 summi
814 2648 846 2704 et
859 2638 1051 2726 philosophi

73 2735 105 2786 et
119 2724 337 2808 imperatoris,
351 2735 470 2810 poaurt.
499 2727 569 2790 Neo
580 2725 685 2790 multo
698 2734 775 2812 post
782 2725 987 2806 Alexander,
1002 2727 1050 2789 in·
1061 2733 1099 2788 17

74 2807 167 2871 aldiis
187 2807 505 2894 Eurydices-matris
526 2813 706 2900 appetitus,
734 2811 915 2894 occumbit,
938 2813 993 2875 eui
1014 2812 1050 2891 in

73 2893 197 2958 scelere
213 2893 437 2979 deprehensae
450 2895 613 2982 Amyntas
624 2907 758 2982 propter
770 2897 961 2962 communes
971 2893 1051 2961 libe-

74 3000 140 3057 ros,
157 2979 290 3058 ignarus
306 2979 431 3044 eisdem
446 2981 646 3130 quandoppe
658 2983 830 3046 exitiosam
841 2983 920 3061 fore,
937 3003 1050 3068 peper-

416 3075 419 3082 '
617 3066 747 3132 erdioca
792 3068 841 3130 ari
855 3066 1101 3130 insidiarum18

75 3073 175 3126 cerat
210 3065 328 3130 Frater
348 3069 573 3216 quoppee'us
768 3089 790 3216 p
865 3150 869 3158 Ι

74 3147 190 3212 fraude
205 3149 378 3237 decipitur.
405 3189 412 3208 <
455 3151 593 3248 dignum
608 3175 753 3244 prorsus,
781 3151 889 3216 iberos
906 3151 974 3242 yi'ta
988 3153 1053 3238 pri-
1093 3192 1096 3204 ι

76 3241 171 3295 vates
190 3256 263 3298 esse
283 3259 304 3300 a
316 3246 437 3318 matre,
450 3259 550 3324 quam
565 3261 587 3304 a
601 3237 762 3302 scelerum
778 3257 913 3301 suorum
929 3235 1053 3323 suppli·

77 3319 139 3381 ciis
158 3317 588 3411 liberorum'contamplatio
609 3322 845 3391 vindicaverat.
872 3321 1053 3389 Perdiccae

77 3401 255 3470 caederes
277 3407 448 3492 indignior
460 3410 653 3490 videbatur,¹
683 3408 750 3472 uod
766 3409 796 3472 ei
810 3409 900 3494 apud
915 3417 1066 3474 matrem'

79 3489 334 3557 misericordiam
344 3515 400 3558 ;ne
418 3493 580 3580 parvulus
593 3431 737 3580 'quidem
752 3491 841 3558 filius
858 3497 1053 3561 conciliave-

79 3582 143 3636 rat.
173 3575 289 3663 ltaque
311 3577 489 3665 Philippus
510 3579 567 3644 diu
586 3601 654 3644 non
673 3579 809 3664 regeln,
821 3580 890 3644 'sed
905 3577 1102 3647 'tutorem'lti
