<?xml version="1.0" encoding="UTF-8"?>
<!DOCTYPE html PUBLIC "-//W3C//DTD XHTML 1.0 Transitional//EN"
    "http://www.w3.org/TR/xhtml1/DTD/xhtml1-transitional.dtd">
<html xmlns="http://www.w3.org/1999/xhtml" xml:lang="en" lang="en">
 <head>
  <title>
</title>
<meta http-equiv="Content-Type" content="text/html;charset=utf-8" />
  <meta name='ocr-system' content='tesseract 3.04.00' />
  <meta name='ocr-capabilities' content='ocr_page ocr_carea ocr_par ocr_line ocrx_word'/>
</head>
<body>
  <div class='ocr_page' id='page_1' title='image "./historiarumlibr00eitngoog/historiarumlibr00eitngoog_0153.png"; bbox 0 0 2666 4246; ppageno 0'>
   <div class='ocr_carea' id='block_1_1' title="bbox 234 335 928 398">
    <p class='ocr_par' dir='ltr' id='par_1_1' title="bbox 234 153 1323 428">
     <span class='ocr_line' id='line_1_1' title="bbox 234 335 928 398; baseline -0.017 0"><span class='ocrx_word' id='word_1_1' title='bbox 234 339 271 398; x_wconf 77' lang='lat' dir='ltr'><strong>II)</strong></span> <span class='ocrx_word' id='word_1_2' title='bbox 520 339 661 394; x_wconf 73' lang='lat' dir='ltr'><strong>susum</strong></span> <span class='ocrx_word' id='word_1_3' title='bbox 678 335 928 391; x_wconf 73' lang='lat' dir='ltr'><strong>fllsuomauuu</strong></span> 
     </span>
    </p>
   </div>
   <div class='ocr_carea' id='block_1_2' title="bbox 182 487 1229 896">
    <p class='ocr_par' dir='ltr' id='par_1_2' title="bbox 182 479 1323 896">
     <span class='ocr_line' id='line_1_2' title="bbox 182 487 1227 588; baseline -0.003 -31"><span class='ocrx_word' id='word_1_4' title='bbox 182 497 392 572; x_wconf 72' lang='lat' dir='ltr'><strong>aoproueree.</strong></span> <span class='ocrx_word' id='word_1_5' title='bbox 438 489 514 554; x_wconf 86' lang='lat' dir='ltr'><strong>Tali</strong></span> <span class='ocrx_word' id='word_1_6' title='bbox 543 487 779 552; x_wconf 82' lang='lat' dir='ltr'><strong>vociferatione</strong></span> <span class='ocrx_word' id='word_1_7' title='bbox 807 511 868 588; x_wconf 78' lang='lat' dir='ltr'><strong>por</strong></span> <span class='ocrx_word' id='word_1_8' title='bbox 896 488 1014 554; x_wconf 87' lang='lat' dir='ltr'><strong>urbem</strong></span> <span class='ocrx_word' id='word_1_9' title='bbox 1035 489 1227 574; x_wconf 80' lang='lat' dir='ltr'><strong>ingressus,</strong></span> 
     </span>
     <span class='ocr_line' id='line_1_3' title="bbox 236 574 1226 659; baseline -0.002 -19"><span class='ocrx_word' id='word_1_10' title='bbox 236 586 273 640; x_wconf 79' lang='lat' dir='ltr'><strong>ut</strong></span> <span class='ocrx_word' id='word_1_11' title='bbox 300 575 343 640; x_wconf 83' lang='lat' dir='ltr'><strong>ad</strong></span> <span class='ocrx_word' id='word_1_12' title='bbox 365 575 482 640; x_wconf 88' lang='lat' dir='ltr'><strong>limina</strong></span> <span class='ocrx_word' id='word_1_13' title='bbox 503 574 620 638; x_wconf 90' lang='lat' dir='ltr'><strong>domus</strong></span> <span class='ocrx_word' id='word_1_14' title='bbox 643 595 724 636; x_wconf 84' lang='lat' dir='ltr'><strong>suae</strong></span> <span class='ocrx_word' id='word_1_15' title='bbox 747 583 847 654; x_wconf 78' lang='lat' dir='ltr'><strong>vemt,</strong></span> <span class='ocrx_word' id='word_1_16' title='bbox 877 583 1087 659; x_wconf 82' lang='lat' dir='ltr'><strong>prosecutam</strong></span> <span class='ocrx_word' id='word_1_17' title='bbox 1110 575 1226 638; x_wconf 83' lang='lat' dir='ltr'><strong>multi-</strong></span> 
     </span>
     <span class='ocr_line' id='line_1_4' title="bbox 234 657 1229 746; baseline -0.002 -20"><span class='ocrx_word' id='word_1_18' title='bbox 234 660 383 726; x_wconf 79' lang='lat' dir='ltr'><strong>tudinem</strong></span> <span class='ocrx_word' id='word_1_19' title='bbox 399 660 492 724; x_wconf 82' lang='lat' dir='ltr'><strong>velut</strong></span> <span class='ocrx_word' id='word_1_20' title='bbox 506 668 670 743; x_wconf 84' lang='lat' dir='ltr'><strong>postremo</strong></span> <span class='ocrx_word' id='word_1_21' title='bbox 682 657 829 744; x_wconf 90' lang='lat' dir='ltr'><strong>alloquio</strong></span> <span class='ocrx_word' id='word_1_22' title='bbox 841 659 976 739; x_wconf 88' lang='lat' dir='ltr'><strong>dimisit,</strong></span> <span class='ocrx_word' id='word_1_23' title='bbox 992 659 1229 746; x_wconf 70' lang='lat' dir='ltr'><strong>obseratisque</strong></span> 
     </span>
     <span class='ocr_line' id='line_1_5' title="bbox 234 743 1227 829; baseline -0.001 -19"><span class='ocrx_word' id='word_1_24' title='bbox 234 745 370 825; x_wconf 81' lang='lat' dir='ltr'><strong>foribus,</strong></span> <span class='ocrx_word' id='word_1_25' title='bbox 399 767 438 809; x_wconf 84' lang='lat' dir='ltr'><strong>ac</strong></span> <span class='ocrx_word' id='word_1_26' title='bbox 464 743 558 809; x_wconf 92' lang='lat' dir='ltr'><strong>nullo</strong></span> <span class='ocrx_word' id='word_1_27' title='bbox 588 743 631 808; x_wconf 84' lang='lat' dir='ltr'><strong>ad</strong></span> <span class='ocrx_word' id='word_1_28' title='bbox 654 765 700 824; x_wconf 81' lang='lat' dir='ltr'><strong>sc,</strong></span> <span class='ocrx_word' id='word_1_29' title='bbox 730 765 772 808; x_wconf 91' lang='lat' dir='ltr'><strong>nc</strong></span> <span class='ocrx_word' id='word_1_30' title='bbox 794 743 872 808; x_wconf 88' lang='lat' dir='ltr'><strong>filiis</strong></span> <span class='ocrx_word' id='word_1_31' title='bbox 895 744 1031 829; x_wconf 85' lang='lat' dir='ltr'><strong>quidem</strong></span> <span class='ocrx_word' id='word_1_32' title='bbox 1054 743 1227 824; x_wconf 82' lang='lat' dir='ltr'><strong>admissis,</strong></span> 
     </span>
     <span class='ocr_line' id='line_1_6' title="bbox 236 829 655 896; baseline -0.005 0"><span class='ocrx_word' id='word_1_33' title='bbox 236 843 373 896; x_wconf 83' lang='lat' dir='ltr'><strong>mortem</strong></span> <span class='ocrx_word' id='word_1_34' title='bbox 396 829 460 894; x_wconf 90' lang='lat' dir='ltr'><strong>sibi</strong></span> <span class='ocrx_word' id='word_1_35' title='bbox 483 830 655 895; x_wconf 80' lang='lat' dir='ltr'><strong>conscivit.</strong></span> 
     </span>
    </p>
   </div>
   <div class='ocr_carea' id='block_1_3' title="bbox 647 951 804 962">
    <p class='ocr_par' dir='ltr' id='par_1_3' title="bbox 647 951 804 962">
     <span class='ocr_line' id='line_1_7' title="bbox 647 951 804 962; baseline 0 0"><span class='ocrx_word' id='word_1_36' title='bbox 647 951 804 962; x_wconf 65' lang='lat' dir='ltr'><strong>-u--u-u</strong></span> 
     </span>
    </p>
   </div>
   <div class='ocr_carea' id='block_1_4' title="bbox 542 1041 915 1270">
    <p class='ocr_par' dir='ltr' id='par_1_4' title="bbox 542 1041 915 1270">
     <span class='ocr_line' id='line_1_8' title="bbox 572 1041 882 1128; baseline 0 -2"><span class='ocrx_word' id='word_1_37' title='bbox 572 1051 719 1126; x_wconf 85' lang='lat' dir='ltr'><strong>LIBER</strong></span> <span class='ocrx_word' id='word_1_38' title='bbox 744 1041 882 1128; x_wconf 88' lang='lat' dir='ltr'>XXIII.</span> 
     </span>
     <span class='ocr_line' id='line_1_9' title="bbox 542 1174 915 1270; baseline 0 -24"><span class='ocrx_word' id='word_1_39' title='bbox 542 1176 756 1264; x_wconf 81' lang='lat' dir='ltr'><strong>Dionysius</strong></span> <span class='ocrx_word' id='word_1_40' title='bbox 782 1174 915 1270; x_wconf 85' lang='lat' dir='ltr'><strong>major.</strong></span> 
     </span>
    </p>
   </div>
   <div class='ocr_carea' id='block_1_5' title="bbox 476 1324 982 1464">
    <p class='ocr_par' dir='ltr' id='par_1_5' title="bbox 476 1324 982 1464">
     <span class='ocr_line' id='line_1_10' title="bbox 476 1324 982 1464; baseline -0.006 0"><span class='ocrx_word' id='word_1_41' title='bbox 476 1409 656 1464; x_wconf 65' lang='lat' dir='ltr'><strong>ernamu-</strong></span> <span class='ocrx_word' id='word_1_42' title='bbox 669 1324 809 1462; x_wconf 57' lang='lat' dir='ltr'><strong>boAlldbllie</strong></span> <span class='ocrx_word' id='word_1_43' title='bbox 826 1407 859 1462; x_wconf 81' lang='lat' dir='ltr'><strong>in</strong></span> <span class='ocrx_word' id='word_1_44' title='bbox 876 1401 982 1462; x_wconf 74' lang='lat' dir='ltr'><strong>liena.</strong></span> 
     </span>
    </p>
   </div>
   <div class='ocr_carea' id='block_1_6' title="bbox 171 1508 1327 3637">
    <p class='ocr_par' dir='ltr' id='par_1_6' title="bbox 209 1508 1326 1767">
     <span class='ocr_line' id='line_1_11' title="bbox 209 1508 1223 1596; baseline 0 -22"><span class='ocrx_word' id='word_1_45' title='bbox 209 1519 225 1574; x_wconf 92' lang='lat'>1</span> <span class='ocrx_word' id='word_1_46' title='bbox 301 1510 502 1596; x_wconf 82' lang='lat' dir='ltr'><strong>Dionysius,</strong></span> <span class='ocrx_word' id='word_1_47' title='bbox 538 1533 558 1574; x_wconf 85' lang='lat' dir='ltr'><strong>e</strong></span> <span class='ocrx_word' id='word_1_48' title='bbox 594 1509 710 1574; x_wconf 83' lang='lat' dir='ltr'><strong>Sicilia</strong></span> <span class='ocrx_word' id='word_1_49' title='bbox 745 1508 1076 1592; x_wconf 75' lang='lat' dir='ltr'><strong>Carthaginiensibus</strong></span> <span class='ocrx_word' id='word_1_50' title='bbox 1112 1508 1223 1594; x_wconf 84' lang='lat' dir='ltr'><strong>pulsis</strong></span> 
     </span>
     <span class='ocr_line' id='line_1_12' title="bbox 238 1595 1326 1682; baseline -0.002 -22"><span class='ocrx_word' id='word_1_51' title='bbox 238 1605 463 1682; x_wconf 84' lang='lat' dir='ltr'><strong>occupatoque</strong></span> <span class='ocrx_word' id='word_1_52' title='bbox 486 1596 584 1660; x_wconf 85' lang='lat' dir='ltr'><strong>totius</strong></span> <span class='ocrx_word' id='word_1_53' title='bbox 606 1595 735 1660; x_wconf 86' lang='lat' dir='ltr'><strong>insulae</strong></span> <span class='ocrx_word' id='word_1_54' title='bbox 750 1595 898 1680; x_wconf 85' lang='lat' dir='ltr'><strong>impen&#39;o,</strong></span> <span class='ocrx_word' id='word_1_55' title='bbox 922 1613 1025 1678; x_wconf 84' lang='lat' dir='ltr'><strong>grave</strong></span> <span class='ocrx_word' id='word_1_56' title='bbox 1039 1615 1142 1679; x_wconf 85' lang='lat' dir='ltr'><strong>regno</strong></span> <span class='ocrx_word' id='word_1_57' title='bbox 1159 1615 1222 1658; x_wconf 88' lang='lat' dir='ltr'><strong>suo</strong></span> <span class='ocrx_word' id='word_1_58' title='bbox 1325 1631 1326 1646; x_wconf 48' lang='grc' dir='ltr'>ι</span> 
     </span>
     <span class='ocr_line' id='line_1_13' title="bbox 237 1678 1223 1767; baseline -0.002 -23"><span class='ocrx_word' id='word_1_59' title='bbox 237 1682 342 1746; x_wconf 77' lang='lat' dir='ltr'><strong>otium</strong></span> <span class='ocrx_word' id='word_1_60' title='bbox 363 1681 432 1746; x_wconf 85' lang='lat' dir='ltr'><strong>fore</strong></span> <span class='ocrx_word' id='word_1_61' title='bbox 454 1679 741 1767; x_wconf 86' lang='lat' dir='ltr'><strong>periculosamque</strong></span> <span class='ocrx_word' id='word_1_62' title='bbox 764 1678 924 1744; x_wconf 83' lang='lat' dir='ltr'><strong>desidiam</strong></span> <span class='ocrx_word' id='word_1_63' title='bbox 947 1679 1031 1744; x_wconf 79' lang='lat' dir='ltr'><strong>tanti</strong></span> <span class='ocrx_word' id='word_1_64' title='bbox 1053 1681 1223 1744; x_wconf 84' lang='lat' dir='ltr'><strong>exercitus</strong></span> 
     </span>
    </p>

    <p class='ocr_par' dir='ltr' id='par_1_7' title="bbox 171 1763 1326 2108">
     <span class='ocr_line' id='line_1_14' title="bbox 171 1763 1326 1852; baseline 0.002 -26"><span class='ocrx_word' id='word_1_65' title='bbox 171 1816 176 1826; x_wconf 94' lang='lat'>.</span> <span class='ocrx_word' id='word_1_66' title='bbox 237 1777 338 1848; x_wconf 86' lang='lat' dir='ltr'><strong>ratus,</strong></span> <span class='ocrx_word' id='word_1_67' title='bbox 361 1767 473 1852; x_wconf 86' lang='lat' dir='ltr'><strong>copias</strong></span> <span class='ocrx_word' id='word_1_68' title='bbox 494 1767 529 1828; x_wconf 91' lang='lat' dir='ltr'><strong>in</strong></span> <span class='ocrx_word' id='word_1_69' title='bbox 544 1764 675 1830; x_wconf 80' lang='lat' dir='ltr'><strong>Italiam</strong></span> <span class='ocrx_word' id='word_1_70' title='bbox 697 1766 835 1850; x_wconf 82' lang='lat' dir='ltr'><strong>trajecit,</strong></span> <span class='ocrx_word' id='word_1_71' title='bbox 858 1765 956 1828; x_wconf 86' lang='lat' dir='ltr'><strong>simul</strong></span> <span class='ocrx_word' id='word_1_72' title='bbox 975 1773 1013 1828; x_wconf 90' lang='lat' dir='ltr'><strong>ut</strong></span> <span class='ocrx_word' id='word_1_73' title='bbox 1027 1772 1060 1828; x_wconf 90' lang='lat' dir='ltr'><strong>ct</strong></span> <span class='ocrx_word' id='word_1_74' title='bbox 1074 1763 1221 1828; x_wconf 78' lang='lat' dir='ltr'><strong>militum</strong></span> <span class='ocrx_word' id='word_1_75' title='bbox 1325 1799 1326 1802; x_wconf 26' lang='grc' dir='ltr'>ι</span> 
     </span>
     <span class='ocr_line' id='line_1_15' title="bbox 237 1849 1222 1934; baseline -0.004 -16"><span class='ocrx_word' id='word_1_76' title='bbox 237 1852 325 1918; x_wconf 87' lang='lat' dir='ltr'><strong>viras</strong></span> <span class='ocrx_word' id='word_1_77' title='bbox 349 1852 505 1917; x_wconf 85' lang='lat' dir='ltr'><strong>continuo</strong></span> <span class='ocrx_word' id='word_1_78' title='bbox 527 1850 641 1915; x_wconf 88' lang='lat' dir='ltr'><strong>labore</strong></span> <span class='ocrx_word' id='word_1_79' title='bbox 662 1859 868 1931; x_wconf 84' lang='lat' dir='ltr'><strong>acuerentnr,</strong></span> <span class='ocrx_word' id='word_1_80' title='bbox 890 1859 924 1913; x_wconf 88' lang='lat' dir='ltr'><strong>ct</strong></span> <span class='ocrx_word' id='word_1_81' title='bbox 938 1849 1033 1934; x_wconf 86' lang='lat' dir='ltr'><strong>regni</strong></span> <span class='ocrx_word' id='word_1_82' title='bbox 1047 1849 1132 1914; x_wconf 87' lang='lat' dir='ltr'><strong>fines</strong></span> <span class='ocrx_word' id='word_1_83' title='bbox 1146 1871 1222 1934; x_wconf 84' lang='lat' dir='ltr'><strong>pro-</strong></span> 
     </span>
     <span class='ocr_line' id='line_1_16' title="bbox 210 1933 1221 2020; baseline 0 -20"><span class='ocrx_word' id='word_1_84' title='bbox 210 1938 411 2002; x_wconf 82' lang='lat' dir='ltr'><strong>2Ierrentur.</strong></span> <span class='ocrx_word' id='word_1_85' title='bbox 454 1937 567 2000; x_wconf 87' lang='lat' dir='ltr'><strong>Prima</strong></span> <span class='ocrx_word' id='word_1_86' title='bbox 587 1935 638 1999; x_wconf 92' lang='lat' dir='ltr'><strong>illi</strong></span> <span class='ocrx_word' id='word_1_87' title='bbox 660 1935 779 1998; x_wconf 77' lang='lat' dir='ltr'><strong>militia</strong></span> <span class='ocrx_word' id='word_1_88' title='bbox 801 1935 960 1999; x_wconf 84' lang='lat' dir='ltr'><strong>adversus</strong></span> <span class='ocrx_word' id='word_1_89' title='bbox 980 1933 1139 2014; x_wconf 79' lang='lat' dir='ltr'><strong>Graecos,</strong></span> <span class='ocrx_word' id='word_1_90' title='bbox 1161 1935 1221 2020; x_wconf 86' lang='lat' dir='ltr'><strong>qui</strong></span> 
     </span>
     <span class='ocr_line' id='line_1_17' title="bbox 238 2019 1220 2108; baseline -0.005 -21"><span class='ocrx_word' id='word_1_91' title='bbox 238 2024 391 2108; x_wconf 84' lang='lat' dir='ltr'><strong>proxima</strong></span> <span class='ocrx_word' id='word_1_92' title='bbox 411 2022 520 2086; x_wconf 79' lang='lat' dir='ltr'><strong>Italici</strong></span> <span class='ocrx_word' id='word_1_93' title='bbox 548 2023 647 2084; x_wconf 81' lang='lat' dir='ltr'><strong>maris</strong></span> <span class='ocrx_word' id='word_1_94' title='bbox 676 2019 774 2084; x_wconf 87' lang='lat' dir='ltr'><strong>litora</strong></span> <span class='ocrx_word' id='word_1_95' title='bbox 801 2020 968 2100; x_wconf 78' lang='lat' dir='ltr'><strong>tenebam,</strong></span> <span class='ocrx_word' id='word_1_96' title='bbox 990 2019 1220 2106; x_wconf 62' lang='lat' dir='ltr'><strong>fiuit;,quibus</strong></span> 
     </span>
    </p>

    <p class='ocr_par' dir='ltr' id='par_1_8' title="bbox 209 2104 1327 3637">
     <span class='ocr_line' id='line_1_18' title="bbox 239 2104 1327 2205; baseline 0 -35"><span class='ocrx_word' id='word_1_97' title='bbox 239 2107 397 2186; x_wconf 82' lang='lat' dir='ltr'><strong>devictis,</strong></span> <span class='ocrx_word' id='word_1_98' title='bbox 432 2107 589 2170; x_wconf 83' lang='lat' dir='ltr'><strong>finitimos</strong></span> <span class='ocrx_word' id='word_1_99' title='bbox 626 2126 776 2205; x_wconf 76' lang='lat' dir='ltr'><strong>quosque</strong></span> <span class='ocrx_word' id='word_1_100' title='bbox 810 2104 1004 2190; x_wconf 78' lang='lat' dir='ltr'><strong>aggreditur</strong></span> <span class='ocrx_word' id='word_1_101' title='bbox 1036 2123 1219 2190; x_wconf 81' lang='lat' dir='ltr'><strong>omnesque</strong></span> <span class='ocrx_word' id='word_1_102' title='bbox 1326 2117 1327 2176; x_wconf 76' lang='grc' dir='ltr'>ἶ</span> 
     </span>
     <span class='ocr_line' id='line_1_19' title="bbox 240 2189 1220 2276; baseline -0.001 -20"><span class='ocrx_word' id='word_1_103' title='bbox 240 2191 361 2256; x_wconf 81' lang='lat' dir='ltr'><strong>Graeci</strong></span> <span class='ocrx_word' id='word_1_104' title='bbox 393 2189 536 2254; x_wconf 89' lang='lat' dir='ltr'><strong>nominis</strong></span> <span class='ocrx_word' id='word_1_105' title='bbox 570 2191 679 2254; x_wconf 77' lang='lat' dir='ltr'><strong>hostes</strong></span> <span class='ocrx_word' id='word_1_106' title='bbox 707 2189 770 2255; x_wconf 80' lang='lat' dir='ltr'><strong>subi</strong></span> <span class='ocrx_word' id='word_1_107' title='bbox 798 2190 956 2271; x_wconf 84' lang='lat' dir='ltr'><strong>destinat3</strong></span> <span class='ocrx_word' id='word_1_108' title='bbox 991 2212 1075 2276; x_wconf 88' lang='lat' dir='ltr'><strong>quae</strong></span> <span class='ocrx_word' id='word_1_109' title='bbox 1103 2200 1220 2274; x_wconf 74' lang='lat' dir='ltr'><strong>gentes</strong></span> 
     </span>
     <span class='ocr_line' id='line_1_20' title="bbox 239 2275 1221 2360; baseline 0 -20"><span class='ocrx_word' id='word_1_110' title='bbox 239 2297 306 2341; x_wconf 91' lang='lat' dir='ltr'><strong>non</strong></span> <span class='ocrx_word' id='word_1_111' title='bbox 335 2285 476 2360; x_wconf 83' lang='lat' dir='ltr'><strong>partem,</strong></span> <span class='ocrx_word' id='word_1_112' title='bbox 502 2275 560 2340; x_wconf 85' lang='lat' dir='ltr'><strong>sed</strong></span> <span class='ocrx_word' id='word_1_113' title='bbox 588 2276 777 2340; x_wconf 83' lang='lat' dir='ltr'><strong>univensam</strong></span> <span class='ocrx_word' id='word_1_114' title='bbox 800 2276 902 2340; x_wconf 85' lang='lat' dir='ltr'><strong>ferme</strong></span> <span class='ocrx_word' id='word_1_115' title='bbox 924 2275 1055 2340; x_wconf 83' lang='lat' dir='ltr'><strong>Italiam</strong></span> <span class='ocrx_word' id='word_1_116' title='bbox 1078 2297 1119 2340; x_wconf 87' lang='lat' dir='ltr'><strong>ca</strong></span> <span class='ocrx_word' id='word_1_117' title='bbox 1139 2286 1221 2340; x_wconf 79' lang='lat' dir='ltr'><strong>tem-</strong></span> 
     </span>
     <span class='ocr_line' id='line_1_21' title="bbox 241 2359 1221 2447; baseline 0 -21"><span class='ocrx_word' id='word_1_118' title='bbox 241 2371 366 2446; x_wconf 78' lang='lat' dir='ltr'><strong>pestate</strong></span> <span class='ocrx_word' id='word_1_119' title='bbox 403 2370 655 2447; x_wconf 85' lang='lat' dir='ltr'><strong>occupaverant.</strong></span> <span class='ocrx_word' id='word_1_120' title='bbox 699 2360 824 2424; x_wconf 86' lang='lat' dir='ltr'><strong>Multae</strong></span> <span class='ocrx_word' id='word_1_121' title='bbox 861 2359 960 2424; x_wconf 82' lang='lat' dir='ltr'><strong>urbes</strong></span> <span class='ocrx_word' id='word_1_122' title='bbox 980 2359 1106 2424; x_wconf 78' lang='lat' dir='ltr'><strong>adhuc</strong></span> <span class='ocrx_word' id='word_1_123' title='bbox 1145 2371 1221 2444; x_wconf 83' lang='lat' dir='ltr'><strong>post</strong></span> 
     </span>
     <span class='ocr_line' id='line_1_22' title="bbox 239 2444 1219 2530; baseline 0.001 -19"><span class='ocrx_word' id='word_1_124' title='bbox 239 2456 363 2511; x_wconf 78' lang='lat' dir='ltr'><strong>tantam</strong></span> <span class='ocrx_word' id='word_1_125' title='bbox 390 2455 586 2511; x_wconf 81' lang='lat' dir='ltr'><strong>vetustatem</strong></span> <span class='ocrx_word' id='word_1_126' title='bbox 615 2447 756 2530; x_wconf 78' lang='lat' dir='ltr'><strong>vestigio</strong></span> <span class='ocrx_word' id='word_1_127' title='bbox 778 2444 898 2510; x_wconf 84' lang='lat' dir='ltr'><strong>Graeci</strong></span> <span class='ocrx_word' id='word_1_128' title='bbox 920 2446 1021 2510; x_wconf 88' lang='lat' dir='ltr'><strong>moris</strong></span> <span class='ocrx_word' id='word_1_129' title='bbox 1043 2455 1219 2514; x_wconf 75' lang='lat' dir='ltr'><strong>ostentent.</strong></span> 
     </span>
     <span class='ocr_line' id='line_1_23' title="bbox 210 2523 1220 2617; baseline -0.002 -21"><span class='ocrx_word' id='word_1_130' title='bbox 210 2533 323 2597; x_wconf 86' lang='lat' dir='ltr'><strong>3Nam</strong></span> <span class='ocrx_word' id='word_1_131' title='bbox 348 2555 391 2596; x_wconf 88' lang='lat' dir='ltr'><strong>ue</strong></span> <span class='ocrx_word' id='word_1_132' title='bbox 413 2523 597 2596; x_wconf 77' lang='lat' dir='ltr'><strong>Tuscorum</strong></span> <span class='ocrx_word' id='word_1_133' title='bbox 629 2531 753 2617; x_wconf 86' lang='lat' dir='ltr'><strong>populi,</strong></span> <span class='ocrx_word' id='word_1_134' title='bbox 783 2532 841 2617; x_wconf 89' lang='lat' dir='ltr'><strong>qui</strong></span> <span class='ocrx_word' id='word_1_135' title='bbox 871 2551 961 2594; x_wconf 85' lang='lat' dir='ltr'><strong>oram</strong></span> <span class='ocrx_word' id='word_1_136' title='bbox 989 2530 1086 2596; x_wconf 78' lang='lat' dir='ltr'><strong>inferi</strong></span> <span class='ocrx_word' id='word_1_137' title='bbox 1115 2533 1220 2596; x_wconf 73' lang='lat' dir='ltr'><strong>maris</strong></span> 
     </span>
     <span class='ocr_line' id='line_1_24' title="bbox 238 2555 1047 2767; baseline -0.001 0"><span class='ocrx_word' id='word_1_138' title='bbox 238 2555 474 2767; x_wconf 63' lang='lat' dir='ltr'><strong>usibus</strong></span> <span class='ocrx_word' id='word_1_139' title='bbox 489 2616 606 2766; x_wconf 61' lang='lat' dir='ltr'><strong>uffa</strong></span> <span class='ocrx_word' id='word_1_140' title='bbox 619 2625 798 2766; x_wconf 69' lang='lat' dir='ltr'><strong>uuio</strong></span> <span class='ocrx_word' id='word_1_141' title='bbox 826 2615 1047 2764; x_wconf 59' lang='lat' dir='ltr'><strong>ovum</strong></span> 
     </span>
     <span class='ocr_line' id='line_1_25' title="bbox 240 2723 1221 2886; baseline -0.002 -34"><span class='ocrx_word' id='word_1_142' title='bbox 240 2787 340 2872; x_wconf 82' lang='lat' dir='ltr'><strong>Troja</strong></span> <span class='ocrx_word' id='word_1_143' title='bbox 361 2724 531 2850; x_wconf 69' lang='lat' dir='ltr'><strong>Adienorc</strong></span> <span class='ocrx_word' id='word_1_144' title='bbox 553 2787 637 2850; x_wconf 86' lang='lat' dir='ltr'><strong>duce</strong></span> <span class='ocrx_word' id='word_1_145' title='bbox 659 2788 757 2852; x_wconf 71' lang='lat' dir='ltr'><strong>misia</strong></span> <span class='ocrx_word' id='word_1_146' title='bbox 792 2723 908 2850; x_wconf 69' lang='lat' dir='ltr'><strong>&#39;Adria</strong></span> <span class='ocrx_word' id='word_1_147' title='bbox 928 2723 1221 2886; x_wconf 46' lang='lat' dir='ltr'><strong>quoqudddllgn&#39;oo</strong></span> 
     </span>
     <span class='ocr_line' id='line_1_26' title="bbox 240 2871 1218 2958; baseline 0 -22"><span class='ocrx_word' id='word_1_148' title='bbox 240 2873 323 2936; x_wconf 86' lang='lat' dir='ltr'><strong>mari</strong></span> <span class='ocrx_word' id='word_1_149' title='bbox 345 2873 506 2956; x_wconf 87' lang='lat' dir='ltr'><strong>proxima,</strong></span> <span class='ocrx_word' id='word_1_150' title='bbox 529 2893 616 2958; x_wconf 88' lang='lat' dir='ltr'><strong>quae</strong></span> <span class='ocrx_word' id='word_1_151' title='bbox 637 2881 670 2935; x_wconf 78' lang='lat' dir='ltr'><strong>et</strong></span> <span class='ocrx_word' id='word_1_152' title='bbox 682 2872 852 2936; x_wconf 78' lang='lat' dir='ltr'><strong>Adriatico</strong></span> <span class='ocrx_word' id='word_1_153' title='bbox 874 2892 958 2936; x_wconf 84' lang='lat' dir='ltr'><strong>man</strong></span> <span class='ocrx_word' id='word_1_154' title='bbox 979 2891 1101 2935; x_wconf 90' lang='lat' dir='ltr'><strong>nomen</strong></span> <span class='ocrx_word' id='word_1_155' title='bbox 1139 2871 1218 2949; x_wconf 78' lang='lat' dir='ltr'><strong>edit,</strong></span> 
     </span>
     <span class='ocr_line' id='line_1_27' title="bbox 240 2955 1218 3043; baseline 0 -21"><span class='ocrx_word' id='word_1_156' title='bbox 240 2956 370 3026; x_wconf 79' lang='lat' dir='ltr'><strong>Graeca</strong></span> <span class='ocrx_word' id='word_1_157' title='bbox 396 2957 475 3021; x_wconf 89' lang='lat' dir='ltr'><strong>urbs</strong></span> <span class='ocrx_word' id='word_1_158' title='bbox 506 2967 565 3037; x_wconf 84' lang='lat' dir='ltr'><strong>cst,</strong></span> <span class='ocrx_word' id='word_1_159' title='bbox 596 2966 629 3022; x_wconf 76' lang='lat' dir='ltr'><strong>et</strong></span> <span class='ocrx_word' id='word_1_160' title='bbox 656 2959 763 3043; x_wconf 86' lang='lat' dir='ltr'><strong>Arpos</strong></span> <span class='ocrx_word' id='word_1_161' title='bbox 793 2955 982 3035; x_wconf 80' lang='lat' dir='ltr'><strong>Diomedes,</strong></span> <span class='ocrx_word' id='word_1_162' title='bbox 1010 2957 1121 3020; x_wconf 84' lang='lat' dir='ltr'><strong>exciso</strong></span> <span class='ocrx_word' id='word_1_163' title='bbox 1143 2955 1218 3036; x_wconf 78' lang='lat' dir='ltr'><strong>Ilio,</strong></span> 
     </span>
     <span class='ocr_line' id='line_1_28' title="bbox 239 3040 1219 3128; baseline 0 -22"><span class='ocrx_word' id='word_1_164' title='bbox 239 3042 412 3128; x_wconf 84' lang='lat' dir='ltr'><strong>naufragio</strong></span> <span class='ocrx_word' id='word_1_165' title='bbox 434 3043 470 3106; x_wconf 92' lang='lat' dir='ltr'><strong>in</strong></span> <span class='ocrx_word' id='word_1_166' title='bbox 486 3064 525 3106; x_wconf 87' lang='lat' dir='ltr'><strong>ea</strong></span> <span class='ocrx_word' id='word_1_167' title='bbox 540 3041 613 3106; x_wconf 89' lang='lat' dir='ltr'><strong>loca</strong></span> <span class='ocrx_word' id='word_1_168' title='bbox 629 3041 767 3121; x_wconf 83' lang='lat' dir='ltr'><strong>dolatus,</strong></span> <span class='ocrx_word' id='word_1_169' title='bbox 791 3041 948 3106; x_wconf 74' lang='lat' dir='ltr'><strong>condidit„</strong></span> <span class='ocrx_word' id='word_1_170' title='bbox 992 3040 1058 3106; x_wconf 78' lang='lat' dir='ltr'><strong>Sed</strong></span> <span class='ocrx_word' id='word_1_171' title='bbox 1073 3049 1108 3105; x_wconf 79' lang='lat' dir='ltr'><strong>et</strong></span> <span class='ocrx_word' id='word_1_172' title='bbox 1119 3041 1219 3106; x_wconf 76' lang='lat' dir='ltr'><strong>Pisas</strong></span> 
     </span>
     <span class='ocr_line' id='line_1_29' title="bbox 238 3125 1220 3214; baseline -0.001 -21"><span class='ocrx_word' id='word_1_173' title='bbox 238 3129 273 3194; x_wconf 90' lang='lat' dir='ltr'><strong>in</strong></span> <span class='ocrx_word' id='word_1_174' title='bbox 295 3127 476 3214; x_wconf 86' lang='lat' dir='ltr'><strong>Liguribus</strong></span> <span class='ocrx_word' id='word_1_175' title='bbox 493 3129 638 3193; x_wconf 81' lang='lat' dir='ltr'><strong>Graecos</strong></span> <span class='ocrx_word' id='word_1_176' title='bbox 660 3137 809 3196; x_wconf 78' lang='lat' dir='ltr'><strong>auctores</strong></span> <span class='ocrx_word' id='word_1_177' title='bbox 831 3127 970 3209; x_wconf 78' lang='lat' dir='ltr'><strong>habeut3</strong></span> <span class='ocrx_word' id='word_1_178' title='bbox 993 3135 1027 3190; x_wconf 90' lang='lat' dir='ltr'><strong>et</strong></span> <span class='ocrx_word' id='word_1_179' title='bbox 1047 3127 1082 3190; x_wconf 91' lang='lat' dir='ltr'><strong>in</strong></span> <span class='ocrx_word' id='word_1_180' title='bbox 1098 3125 1220 3192; x_wconf 79' lang='lat' dir='ltr'><strong>Tussis</strong></span> 
     </span>
     <span class='ocr_line' id='line_1_30' title="bbox 239 3211 1219 3300; baseline -0.001 -23"><span class='ocrx_word' id='word_1_181' title='bbox 239 3214 414 3300; x_wconf 85' lang='lat' dir='ltr'><strong>Tarquinii</strong></span> <span class='ocrx_word' id='word_1_182' title='bbox 441 3235 462 3277; x_wconf 89' lang='lat' dir='ltr'><strong>a</strong></span> <span class='ocrx_word' id='word_1_183' title='bbox 488 3213 657 3300; x_wconf 80' lang='lat' dir='ltr'><strong>Thessalis</strong></span> <span class='ocrx_word' id='word_1_184' title='bbox 684 3221 722 3288; x_wconf 83' lang='lat' dir='ltr'><strong>et¹</strong></span> <span class='ocrx_word' id='word_1_185' title='bbox 741 3212 895 3276; x_wconf 78' lang='lat' dir='ltr'><strong>Perusini</strong></span> <span class='ocrx_word' id='word_1_186' title='bbox 925 3211 968 3276; x_wconf 90' lang='lat' dir='ltr'><strong>ab</strong></span> <span class='ocrx_word' id='word_1_187' title='bbox 988 3211 1131 3276; x_wconf 80' lang='lat' dir='ltr'><strong>Achaeis</strong></span> <span class='ocrx_word' id='word_1_188' title='bbox 1155 3212 1219 3276; x_wconf 84' lang='lat' dir='ltr'><strong>on‘·</strong></span> 
     </span>
     <span class='ocr_line' id='line_1_31' title="bbox 209 3295 1218 3378; baseline 0.001 -17"><span class='ocrx_word' id='word_1_189' title='bbox 209 3306 230 3361; x_wconf 82' lang='lat'>4</span> <span class='ocrx_word' id='word_1_190' title='bbox 263 3299 351 3364; x_wconf 82' lang='lat' dir='ltr'><strong>‘nem</strong></span> <span class='ocrx_word' id='word_1_191' title='bbox 379 3299 515 3362; x_wconf 75' lang='lat' dir='ltr'><strong>ducuna</strong></span> <span class='ocrx_word' id='word_1_192' title='bbox 560 3297 650 3378; x_wconf 77' lang='lat' dir='ltr'><strong>Quid</strong></span> <span class='ocrx_word' id='word_1_193' title='bbox 673 3299 777 3362; x_wconf 75' lang='lat' dir='ltr'><strong>Caene</strong></span> <span class='ocrx_word' id='word_1_194' title='bbox 806 3297 921 3362; x_wconf 85' lang='lat' dir='ltr'><strong>urbem</strong></span> <span class='ocrx_word' id='word_1_195' title='bbox 952 3296 1084 3362; x_wconf 82' lang='lat' dir='ltr'><strong>dicam?</strong></span> <span class='ocrx_word' id='word_1_196' title='bbox 1127 3295 1218 3376; x_wconf 80' lang='lat' dir='ltr'><strong>Quid</strong></span> 
     </span>
     <span class='ocr_line' id='line_1_32' title="bbox 268 3381 1218 3469; baseline -0.002 -21"><span class='ocrx_word' id='word_1_197' title='bbox 268 3385 374 3448; x_wconf 75' lang='lat' dir='ltr'><strong>atinus</strong></span> <span class='ocrx_word' id='word_1_198' title='bbox 404 3383 554 3469; x_wconf 87' lang='lat' dir='ltr'><strong>populos,</strong></span> <span class='ocrx_word' id='word_1_199' title='bbox 585 3384 644 3467; x_wconf 92' lang='lat' dir='ltr'><strong>qui</strong></span> <span class='ocrx_word' id='word_1_200' title='bbox 671 3382 713 3446; x_wconf 87' lang='lat' dir='ltr'><strong>ab</strong></span> <span class='ocrx_word' id='word_1_201' title='bbox 743 3386 859 3448; x_wconf 85' lang='lat' dir='ltr'><strong>Aenea</strong></span> <span class='ocrx_word' id='word_1_202' title='bbox 886 3382 1010 3447; x_wconf 85' lang='lat' dir='ltr'><strong>conditi</strong></span> <span class='ocrx_word' id='word_1_203' title='bbox 1038 3381 1218 3448; x_wconf 72' lang='lat' dir='ltr'><strong>videnum?</strong></span> 
     </span>
     <span class='ocr_line' id='line_1_33' title="bbox 238 3465 1219 3548; baseline 0.001 -16"><span class='ocrx_word' id='word_1_204' title='bbox 238 3467 316 3532; x_wconf 89' lang='lat' dir='ltr'><strong>Jam</strong></span> <span class='ocrx_word' id='word_1_205' title='bbox 329 3468 464 3548; x_wconf 78' lang='lat' dir='ltr'><strong>Falisci,</strong></span> <span class='ocrx_word' id='word_1_206' title='bbox 486 3468 618 3547; x_wconf 76' lang='lat' dir='ltr'><strong>Nolani,</strong></span> <span class='ocrx_word' id='word_1_207' title='bbox 640 3467 797 3532; x_wconf 88' lang='lat' dir='ltr'><strong>Abellani</strong></span> <span class='ocrx_word' id='word_1_208' title='bbox 818 3489 930 3532; x_wconf 82' lang='lat' dir='ltr'><strong>nonne</strong></span> <span class='ocrx_word' id='word_1_209' title='bbox 947 3465 1219 3536; x_wconf 72' lang='lat' dir='ltr'><strong>Chalcidensium</strong></span> 
     </span>
     <span class='ocr_line' id='line_1_34' title="bbox 240 3551 1220 3637; baseline 0 -21"><span class='ocrx_word' id='word_1_210' title='bbox 240 3552 349 3618; x_wconf 90' lang='lat' dir='ltr'><strong>coloni</strong></span> <span class='ocrx_word' id='word_1_211' title='bbox 372 3553 473 3618; x_wconf 79' lang='lat' dir='ltr'><strong>sunt?</strong></span> <span class='ocrx_word' id='word_1_212' title='bbox 503 3553 593 3634; x_wconf 77' lang='lat' dir='ltr'><strong>Quid</strong></span> <span class='ocrx_word' id='word_1_213' title='bbox 608 3562 732 3618; x_wconf 81' lang='lat' dir='ltr'><strong>tractus</strong></span> <span class='ocrx_word' id='word_1_214' title='bbox 748 3555 854 3618; x_wconf 90' lang='lat' dir='ltr'><strong>omnis</strong></span> <span class='ocrx_word' id='word_1_215' title='bbox 870 3552 1098 3637; x_wconf 71' lang='lat' dir='ltr'><strong>Campaniae?</strong></span> <span class='ocrx_word' id='word_1_216' title='bbox 1128 3551 1220 3634; x_wconf 82' lang='lat' dir='ltr'><strong>Quid</strong></span> 
     </span>
    </p>
   </div>
   <div class='ocr_carea' id='block_1_7' title="bbox 0 0 1338 4246">
    <p class='ocr_par' dir='ltr' id='par_1_9' title="bbox 0 0 1338 4246">
     <span class='ocr_line' id='line_1_35' title="bbox 0 0 1338 4246; baseline 0 0"><span class='ocrx_word' id='word_1_217' title='bbox 0 0 1338 4246; x_wconf 95' lang='lat' dir='ltr'><strong> </strong></span> 
     </span>
    </p>
   </div>
  </div>
 </body>
</html>
