2658 4244
222 293 264 354 24
502 294 643 346 JUSTINI
659 291 906 346 HISTORIARUM

221 470 287 514 nox
309 454 516 514 occasionem
529 453 637 525 duret,
666 454 789 512 securis
811 453 951 510 et'icetis
972 453 1196 526 superuenien-

223 541 313 611 dum;
345 553 496 614 nusquum
528 539 659 598 uictores
687 537 862 607 honestius,
898 552 988 612 quum
1018 540 1050 597 in
1079 539 1197 596 cestris

173 626 354 686 18bostium
381 626 554 698 perituros.
609 615 702 682 Nihil
735 621 806 682 erat
833 615 969 696 difficile
996 615 1214 702 persuadere.

220 705 386 790 persuasis
401 703 499 786 mori3
522 703 631 768 stetim
647 724 739 779 erma
753 703 897 786 capiunt,
922 711 953 766 et
969 703 1116 768 sexcenti
1130 702 1200 766 viri·

221 799 327 854 castra
353 790 606 876 quingentorum
628 787 770 852 millium
793 789 994 872 irrumpunt,
1017 789 1197 872 statimque

221 877 307 960 regis
333 875 533 961 praetorium
556 881 771 957 petunt,.eut
796 873 881 938 oum¹
898 872 956 937 illo
983 882 1057 954 sut,
1079 874 1108 937 si
1128 872 1196 958 ipsi

222 983 240 1025 o
266 961 371 1045 pressi
392 969 514 1042 essent,
536 959 571 1022 in
594 959 697 1044 ipsius
719 958 926 1044 potissimum
941 958 1019 1032 sede
1033 958 1197 1024 morituri.

159 983 397 1110 rsll1multus
411 1046 487 1110 totis
503 1045 746 1110 eastris'oritur.
782 1045 937 1130 Spartani
957 1066 1058 1130 quum
1081 1065 1195 1128 regem

221 1153 287 1196 non
304 1132 505 1212 invenirent,
522 1152 582 1216 per
604 1131 715 1194 omnia
737 1143 845 1194 castra
859 1131 999 1194 victores
1014 1138 1196 1218 vagantum

221 1216 362 1281 caedunt
377 1225 591 1302 sternuntque
607 1217 727 1297 omnia,
742 1225 780 1280 ut
795 1217 852 1302 qui
867 1217 980 1296 sciant,
997 1237 1032 1280 se
1044 1237 1196 1300 pugnare

172 1309 289 1368 ibnon
315 1325 373 1388 spe
393 1302 572 1383 uictoriae,
602 1301 660 1366 sed
687 1304 719 1365 in
744 1303 856 1366 mortis
878 1301 1047 1366 ultionem.
1097 1301 1198 1366 Proe-

221 1387 302 1465 lium
318 1388 515 1472 aprincipio
537 1387 641 1452 noctis
664 1387 699 1450 in
720 1389 875 1474 majorem
894 1391 1019 1472 portem
1044 1386 1110 1450 diei
1131 1395 1198 1450 tre·

221 1482 319 1538 etum.
366 1472 422 1544 Ad
447 1482 647 1558 postremum
673 1493 740 1536 non
761 1473 856 1554 vieti,
881 1472 941 1536 sed
962 1471 1126 1536 vincendo
1148 1472 1198 1536 fa-

220 1559 315 1643 tigati
329 1559 415 1622 inter
430 1559 580 1644 ingentes
594 1566 769 1622 stratorum
788 1556 932 1622 hostium
947 1566 1095 1622 catervas
1111 1559 1198 1621 ocei-

221 1642 348 1708 derunt.
384 1643 526 1725 Xerxes,
547 1643 675 1708 duobus
696 1642 896 1708 vulneribus.
909 1644 1053 1708 terrestri
1067 1642 1223 1728 proelio.

221 1732 372 1816 eooeptis,
389 1730 527 1816 experiri
541 1728 641 1794 moris
655 1727 820 1802 fortunam
838 1729 958 1794 statuit.

375 1965 600 2025 Themistocles.
634 1884 933 2036 iiilivsuamrua.
968 1966 1040 2029 48⁰.

94 2105 97 2109 ·
172 2078 210 2138 21
284 2067 352 2136 Sed
372 2068 624 2134 Atheniensium
651 2068 722 2132 dux
741 2069 977 2138 Themistocles
999 2091 1102 2156 quum
1125 2069 1195 2134 ani-

221 2153 459 2236 madvertisset,
480 2153 593 2233 dones,
605 2162 750 2240 ‘propter
772 2175 853 2241 quos
873 2153 998 2220 bellum
1017 2155 1193 2220 Persarum

221 2247 446 2324 susceperant,
468 2239 508 2312 in¹
523 2239 685 2304 auxilium
706 2241 793 2325 regis
815 2239 919 2304 classe
939 2241 1090 2323 venisse,
1108 2239 1197 2304 solli-

135 2409 137 2414 ,
221 2326 321 2389 citare
336 2346 391 2388 eos
407 2325 442 2389 in
457 2333 566 2411 partes
581 2347 657 2390 sues
673 2327 793 2404 statuit,
817 2334 851 2390 et
866 2347 967 2426 quum
983 2325 1197 2412 colloquendi

125 2420 128 2430 “
222 2410 349 2494 copiam
364 2431 432 2474 non
448 2408 590 2491 haberet,
613 2432 677 2496 quo
700 2411 888 2498 applicitum
902 2420 1005 2494 erant,
1028 2410 1196 2498 symbolos

173 2503 212 2562 22
221 2496 361 2582 proponi
387 2505 419 2560 et
445 2495 534 2562 sexis
559 2495 721 2581 proscribi
739 2496 851 2584 jubet:
881 2502 968 2573 Once
990 2521 1060 2576 uos,
1087 2503 1196 2577 iones,

222 2589 376 2648 dementia
397 2590 499 2648 tenet?
521 2589 607 2662 quod
623 2589 753 2662 fucinus
775 2591 926 2664 unitatis?
949 2589 1057 2648 beilum
1073 2590 1196 2663 inferre

222 2674 294 2732 oiim
316 2673 530 2734 conditoribus
552 2676 672 2746 uestris,
694 2690 793 2748 nuper
808 2677 900 2734 etium
914 2676 1090 2736 vindicibus
1105 2678 1196 2748 coui-

221 2761 318 2819 tutis?
335 2759 400 2825 ,An
422 2761 494 2818 ideo
516 2755 640 2820 moenio
663 2768 765 2818 vestra
788 2761 999 2833 condidimus,
1027 2767 1061 2819 ut
1082 2769 1195 2834 essent,

223 2847 277 2918 qui
296 2850 406 2930 nostru
429 2846 589 2904 delerent?
624 2844 729 2916 Ouid?
762 2861 914 2920 quaenam
937 2852 967 2906 et
985 2845 1084 2906 Dnrio
1101 2849 1197 2920 prins

222 2936 253 2988 et
272 2946 355 2988 nunc
368 2928 470 2990 Xerui
491 2930 563 2990 beili
583 2945 681 2990 cuusu
695 2931 855 2992 nobiscum
867 2932 960 3005 soret,
982 2934 1013 2991 si
1026 2948 1087 2992 non
1102 2933 1195 3006 boec,

222 3016 307 3090 quod
336 3032 390 3076 uos
417 3015 603 3079 rebellantes
631 3033 693 3076 non
724 3018 939 3078 destituimus?
976 3017 1057 3088 Quin
1085 3033 1139 3077 uos
1162 3019 1195 3077 in

221 3101 302 3162 bueo
316 3106 432 3174 ⁸nostru
455 3107 561 3162 castro
585 3119 625 3161 ee
639 3104 700 3162 istu
716 3103 880 3162 obsidione
894 3105 1060 3163 transitis?
1092 3105 1153 3162 Aut
1165 3105 1198 3164 si

221 3187 282 3246 boc
302 3203 420 3260 purtim
448 3194 543 3248 tutum
572 3194 632 3256 est,
660 3191 822 3248 commisso
849 3190 972 3262 proelio
1004 3192 1046 3248 ite
1072 3191 1194 3259 cessim,

171 3272 353 3332 nstnntbnc
381 3275 476 3333 remis
511 3279 541 3332 et
568 3289 588 3332 u
619 3274 696 3332 betto
727 3269 887 3334 discedite.
941 3269 1031 3334 Ante
1065 3267 1195 3332 natalis

221 3349 339 3436 proelii
353 3353 619 3438 congressionem
634 3351 767 3417 miseret
777 3352 906 3420 Xerxes
921 3363 1076 3440 quattuor
1089 3353 1197 3420 millia

222 3444 421 3502 summorum
455 3437 605 3523 Delphos
642 3437 684 3502 ad
722 3437 881 3526 templum
917 3438 1083 3524 Apollinis
1119 3439 1196 3510 diri-

221 3520 390 3608 piendum,
415 3525 510 3609 quasi
530 3546 597 3588 non
619 3544 693 3588 eum
718 3521 853 3590 Graecis
873 3533 1016 3608 tantum,
1040 3524 1194 3592 sedtum
