2678 4246
242 775 520 948 edemus
537 841 601 972 [lu
619 774 1224 974 osraenss‘uroeeouu,

391 1041 396 1054 ·
539 985 702 1086 sun
725 985 920 1085 sesne.
984 1039 986 1046 ψ
1140 1003 1144 1015 ·
1197 1041 1201 1048 -

651 1179 804 1198 thvvmvwm

239 1413 241 1420 Α
567 1245 888 1374 elsuaxxvn.
945 1303 949 1312 ’

113 1489 116 1496 .
310 1422 509 1526 Gallorum
535 1424 779 1496 incursiones
805 1423 849 1506 in
876 1421 1079 1496 Graeciam
1107 1430 1149 1495 ct

265 1549 270 1560 ·
546 1531 551 1541 '
589 1526 903 1636 Macedoniam..

288 1809 290 1816 s
349 1747 351 1794 ἶ
414 1756 625 1814 contentiones
642 1675 884 1814 mieAdlciiitatos
902 1757 1043 1816 Graecus.

209 1871 224 1924 1
301 1857 548 1966 Dissidentibus
563 1862 650 1926 inter
664 1884 700 1926 se
714 1860 802 1926 bello
817 1859 1004 1926 Ptolemaeo
1017 1859 1168 1927 Cerauno
1182 1870 1217 1926 et

235 1947 400 2012 Antiocho
416 1956 449 2011 et
463 1947 631 2032 Antigono
646 1946 790 2032 regibus,
809 1968 922 2012 omnes
936 1947 1039 2012 ferme
1055 1945 1231 2026 Graeciae,

236 2032 397 2111 civitates,
417 2031 558 2096 ducibus
573 2032 756 2117 Spartanis,
777 2032 870 2096 velut
889 2033 1061 2100 occasione
1081 2031 1160 2096 data
1174 2031 1217 2097 od

236 2139 329 2202 spem
351 2116 511 2183 libertatis
532 2127 675 2200 erectae,
702 2119 812 2184 missis
834 2117 978 2184 invicem
1001 2117 1133 2268 l⁰i³fi⁸'
1155 2139 1218 2205 per
1333 2161 1334 2200 ,

236 2223 319 2289 quos
333 2202 369 2266 in
384 2203 547 2266 societatis
562 2203 696 2268 foedera
711 2203 935 2289 alligarentur,
951 2204 986 2268 in
1001 2203 1127 2269 belum
1141 2224 1217 2296 pro·
1333 2209 1334 2220 ¹

235 2295 408 2372 rumpunt;
424 2296 457 2351 et
471 2309 513 2351 ne
529 2309 605 2354 oum
615 2289 793 2375 Antigono,
810 2289 872 2355 sub
881 2291 982 2376 'cujus
996 2311 1032 2354 re
1080 2297 1217 2370 oerant,

234 2372 359 2438 bellum
375 2373 502 2460 cepisse
516 2373 719 2457 viderentur,
734 2377 839 2440 socios
855 2377 926 2463 ejus
949 2376 1032 2440 Aeto
1048 2396 1084 2440 os
1099 2395 1215 2461 aggre

236 2459 382 2542 diuntur,
408 2480 523 2524 causas
546 2458 626 2524 belli
648 2461 916 2546 praetendentes,
942 2460 1030 2548 quod
1051 2481 1216 2525 consensu

237 2544 397 2611 Graeciae
416 2555 579 2610 sacratum
599 2545 749 2633 Apollini
765 2546 960 2612 Cirrhaeum
982 2567 1135 2631 campum
1153 2566 1216 2632 per
1264 2587 1268 2593 -

208 2631 304 2700 ivirn
321 2639 545 2716 occupassent.
582 2631 671 2696 Huic
685 2631 774 2696 bello
790 2632 908 2698 ducem
924 2631 1076 2716 deligunt
1089 2631 1214 2711 Arsen,

236 2717 303 2802 qui,
326 2716 470 2781 adunato
491 2718 648 2795 exercitu,
671 2716 787 2782 urbem
810 2725 946 2805 sataque
965 2717 1000 2781 in
1020 2716 1073 2780 his
1087 2715 1233 2800 campis·

205 2801 912 2968 aiiimdiiipuiiirilliniiifflii?
921 2802 1213 2954 tttttttttt

233 2981 380 3061 pastores
400 2908 518 3055 essdnt,
539 2973 716 3040 admodum
733 2911 1164 3062 quingentipcongregantur
1179 2977 1214 3034 et

233 3080 365 3145 sparsos
390 3057 502 3124 hostes
528 3061 796 3147 ignorantesque,
824 3069 949 3147 quanta
972 3080 1091 3126 manus
1116 3065 1212 3144 esset,

232 3145 390 3230 quoniam
415 3153 626 3231 conspectum
650 3146 717 3213 illis
739 3155 846 3213 metus
868 3156 900 3211 st
920 3144 1150 3211 incendiorum
1164 3139 1212 3205 tu-

232 3253 306 3296 mus
322 3230 510 3314 abstulerat,
527 3240 769 3313 consectantur,
784 3232 1021 3317 trucidatisque
1033 3227 1212 3296 admodum

203 3319 351 3382 inovem
363 3316 521 3399 millibus,
537 3316 721 3404 praedones
732 3318 766 3381 in
778 3317 891 3402 fugam
903 3324 1081 3383 verterunt
1106 3313 1212 3398 Repu

232 3402 381 3468 rantibus
411 3402 530 3468 deinde
552 3404 724 3492 Spartanis
751 3401 876 3468 bellum
904 3401 1062 3468 auxilium
1088 3398 1212 3464 multae

232 3487 383 3552 civitates
413 3498 637 3574 negaverunt,
680 3488 925 3571 existimantes,
955 3479 1213 3554 dominationem

216 3594 297 3657 eos,
313 3595 380 3638 non
395 3573 578 3640 libertatem
594 3573 756 3641 Graeciae
772 3596 938 3663 quaerere.
1163 3577 1166 3584 ’
