2666 4246
498 373 607 422 nrnnn
624 371 710 422 nnn.
1077 367 1094 428 3

117 533 204 605 rent,
225 525 325 586 missa
340 524 374 586 in
390 521 534 586 Africam
545 521 736 608 juventute,
757 522 887 586 Uticam
903 520 1095 602 condidere3

118 610 248 672 interim
269 629 328 672 rex
343 607 425 694 Tyri
448 606 602 686 decessit,
622 605 691 669 filio
707 606 924 692 Pygmaliona
941 615 973 669 et
987 605 1096 670 Elissa
1158 623 1162 628 ’

118 693 206 774 filia,
232 693 372 778 insignis
397 691 522 755 formae
547 691 698 776 virgine,
726 689 902 755 heredibus
927 690 1095 754 institutis.

117 778 183 844 sed
209 779 352 863 populus
379 775 589 861 Pygmalioni
623 775 801 840 admodum
825 797 930 862 puero
956 797 1094 860 regnum

118 859 261 927 tradidit.
312 862 420 926 Elissa
445 860 596 926 Acerbae
628 859 792 928 avunculo
825 883 905 943 suo,
935 859 1096 925 sacerdoti

118 947 290 1028 Herculis,
318 949 375 1033 qui
401 945 567 1010 secundus
594 969 613 1009 a
638 967 717 1032 rege
742 954 830 1026 erat,
857 946 961 1010 nubit.
1007 945 1096 1010 Huic
1128 954 1146 1010 9

118 1054 280 1117 magnae,
311 1031 369 1096 sed
399 1031 622 1096 dissimulatae
652 1051 731 1116 opes
765 1040 878 1110 erant,
912 1053 1096 1117 aurumque

116 1127 208 1182 metu
231 1118 318 1202 regis
338 1138 405 1180 non
427 1117 537 1196 tectis,
561 1115 621 1180 sed
641 1125 748 1180 terrae
770 1117 969 1201 crediderat3
997 1138 1096 1202 quam

117 1225 187 1266 rem
215 1205 276 1266 etsi
306 1203 455 1265 homines
484 1201 702 1286 ignorabant,
731 1202 820 1266 fama
844 1211 955 1266 tamen
985 1203 1017 1267 lo
1042 1223 1097 1265 ua·

118 1287 226 1351 batur.
269 1287 345 1367 Qua
364 1287 522 1351 incensus
544 1286 760 1371 Pygmalion,
787 1287 908 1352 oblitus
930 1225 1097 1376 jurisqhu-

116 1373 230 1453 mani,
255 1371 458 1436 avunculum
484 1393 581 1436 suum
608 1371 815 1458 eundemque
841 1395 999 1456 generum
1027 1373 1097 1436 sine

116 1466 270 1542 respectu
299 1457 430 1541 pietatis
455 1455 584 1520 oceidit
629 1455 756 1534 Elissa,
785 1456 842 1521 diu
871 1459 1005 1522 fratrem
1025 1479 1097 1544 pro·
1109 1463 1149 1520 10

117 1553 193 1629 pter
207 1542 315 1607 scelus
337 1549 503 1622 aversata,
525 1540 568 1604 ad
583 1551 785 1626 postremum
801 1542 1005 1608 dissimulato
1021 1542 1097 1606 odio

118 1628 334 1714 mitigatoque
355 1626 486 1690 interim
509 1625 603 1690 vultu
625 1627 738 1711 fugam
758 1629 857 1691 tacito
878 1629 1027 1711 molitur,
1050 1649 1097 1691 as-

118 1715 259 1796 sumptis
275 1709 472 1798 quibusdam
487 1711 696 1797 principibus
711 1713 746 1774 in
761 1713 959 1795 societatem,
976 1711 1097 1813 quibus

118 1819 181 1882 par
200 1796 311 1862 odium
333 1798 369 1860 in
390 1817 502 1880 regem
523 1819 594 1860 esse
617 1795 821 1883 eandemque
842 1797 993 1882 fugiendi
1009 1799 1098 1884 cupi-

117 1883 256 1946 ditatem
272 1880 500 1946 arbitrabatur.
536 1881 633 1944 Tunc
652 1881 784 1946 fratrem
800 1881 876 1946 dolo
892 1881 1146 1966 aggreditur311

117 1967 226 2053 fingit,
241 1989 277 2032 se
291 1975 336 2032 od
347 1987 414 2032 eum
430 1973 569 2046 miorore
579 1975 664 2045 veile,
681 1989 720 2030 ne
732 1975 864 2046 amplius
874 1974 946 2046 sibi,
963 1975 1100 2047 cupidae

118 2059 301 2132 oblivionis,
322 2059 429 2117 mariti
444 2059 552 2116 domus
565 2073 692 2132 orosam
708 2060 808 2130 lucios
823 2061 989 2133 incoinem
1004 2075 1098 2118 reno-

119 2150 182 2214 vet,
205 2159 282 2202 neve
295 2145 378 2202 ultro
400 2158 509 2201 omaro
525 2144 696 2203 admonitio
714 2145 813 2202 oculis
828 2151 987 2205 occurrat.
1024 2139 1099 2203 Non

118 2223 245 2286 invitus
260 2221 457 2308 Pygmalion
480 2222 583 2286 verba
604 2222 723 2288 sororis
746 2223 874 2294 audivit
895 2225 1099 2304 existimans,

118 2325 197 2372 cum
214 2329 254 2371 ea
269 2319 429 2371 etaurum
441 2305 591 2371 Acerbae
603 2308 645 2371 ad
658 2329 693 2370 se
704 2317 891 2373 venturum.
914 2309 980 2374 Sed
992 2309 1101 2374 Elissa
1112 2317 1150 2372 12

118 2393 290 2456 ministros
303 2392 509 2478 migrationis
518 2413 623 2477 arege
635 2393 752 2456 missos
763 2393 904 2458 navibus
914 2416 989 2459 cum
998 2395 1101 2458 omni·

119 2477 184 2542 bus
200 2477 319 2562 opibus
333 2479 402 2542 suis
441 2477 526 2540 rima
539 2499 678 2561 vespera
700 2479 841 2564 imponit
847 2526 856 2559 ,
879 2487 1099 2564 provectuque

118 2563 156 2626 in
172 2561 277 2627 altum
293 2583 365 2626 com
392 2499 462 2626 ellit
477 2582 532 2625 eos
549 2583 649 2626 onera
664 2583 782 2626 arenae
790 2611 799 2643 ,
821 2584 881 2650 pro
897 2565 1039 2648 pecunia
1054 2565 1101 2626 in-

118 2647 267 2712 volucris
291 2585 458 2728 involuta,
485 2647 520 2710 in
547 2668 637 2711 mare
660 2647 810 2734 dejicere.
854 2649 951 2712 Tunc
976 2648 1151 2714 defiens13

119 2735 196 2819 ipsa
220 2731 420 2818 lugubrique
445 2753 527 2796 voee
548 2731 711 2797 Acerbam
740 2735 819 2813 ciet,
843 2747 879 2798 at
900 2741 999 2799 iibens
1026 2756 1102 2814 opes

119 2840 199 2882 suas
229 2824 381 2897 recipiat,
414 2839 494 2898 qnos
523 2825 718 2898 reliqueram
749 2825 926 2899 tabentque
957 2827 1100 2900 inferius,

121 2925 203 2983 qnos
223 2901 377 2967 totunm
398 2923 527 2967 cansam
547 2910 665 2968 mortis.
707 2903 804 2968 Tunc
823 2904 914 2990 ipsos
935 2905 1102 2969 ministros

120 2987 331 3074 aggreditur3
357 2993 421 3054 sibi
441 2995 581 3068 qnidam,
608 2987 670 3070 ait,
699 2991 836 3068 optatrim
859 2998 930 3055 olim
957 3003 1102 3064 mortem‚·

120 3081 182 3138 aeti
202 3079 266 3139 iiiia
288 3079 423 3139 acerbas
441 3081 602 3138 oruciotns
617 3084 648 3137 et
661 3080 733 3140 diro
753 3082 909 3154 supplicio
933 3083 1101 3152 inminere,

122 3166 179 3238 qni
192 3163 336 3223 Acerbae
351 3180 440 3238 opes,
465 3179 596 3238 quornm
610 3179 667 3237 spe
676 3167 890 3238 parricidium
905 3182 964 3224 rea
976 3167 1101 3240 feeerit,

25 3255 26 3260 ’
122 3251 283 3309 avaritiae
308 3251 438 3324 tyranni
461 3249 686 3310 subtraxerint.
733 3243 808 3307 Hoc
833 3253 921 3308 metu
948 3243 1102 3308 omnibus
1113 3253 1153 3308 14

122 3329 269 3415 injecto,
296 3329 431 3392 comites
452 3327 550 3414 fugae
571 3329 706 3415 accepit
749 3327 939 3414 Iunguntur
960 3338 993 3394 et
1012 3350 1104 3392 sena

120 3423 232 3477 torum
254 3413 290 3476 in
312 3433 385 3477 eam
404 3423 534 3477 noctem
554 3421 750 3498 praeparata
769 3414 916 3497 agmina3
940 3423 1039 3500 atque
1057 3415 1105 3478 ita

112 3493 273 3583 'repetitis
284 3499 386 3564 sacris
394 3496 558 3579 Herculis,
570 3499 664 3585 cnjus
674 3497 826 3564 sacerdos
832 3499 979 3564 Acerbas
987 3500 1103 3580 fuerat,

120 3581 242 3648 exsilio
258 3582 354 3647 sedes
368 3592 543 3669 quaerunt.

908 3703 947 3756 1*
