2658 4244
245 335 284 396 ΤΖ
531 334 672 386 JUSTINI
689 335 940 388 HISTORIARUM

447 571 608 639 Philippus
625 485 914 628 '’elffiptzrsiffl
929 570 1033 638 parat.

193 684 233 742 19
310 674 508 760 Compositis
530 673 566 736 in
590 672 732 738 Graecia
753 671 869 754 rebus,
888 670 1065 760 Philippus
1081 672 1231 736 omnium

245 760 430 824 civitatium
453 759 578 843 legatos
595 757 637 822 ad
652 757 862 822 formandum
878 779 989 822 rerum
1004 759 1231 844 praesentium

246 854 366 911 statum
384 845 514 908 evocari
530 842 727 908 Corinthum
736 841 843 930 jubet.
866 841 918 905 Ibi
929 842 1021 928 pacis
1033 843 1143 927 legem
1159 843 1232 906 uni-

246 951 362 994 versae
384 929 545 994 Graeciae
567 949 627 1014 pro
653 928 780 992 meritis
811 925 1017 1075 sinpularum
1046 928 1232 992 civitatium

246 1016 369 1096 statuit,
386 1013 631 1099 conciliumque
647 1013 805 1092 omnium,
824 1034 866 1088 ve
881 1013 931 1074 uti
949 1035 1051 1076 unum
1067 1022 1232 1096 senatum,

248 1121 290 1164 ex
305 1098 458 1163 omnibus
473 1096 564 1182 legit.
600 1098 669 1163 Soli
683 1096 940 1162 Lacedaemonii
962 1107 995 1160 et
1009 1097 1118 1182 legem
1135 1107 1169 1162 et
1184 1121 1233 1162 re

247 1207 322 1271 gem
339 1191 617 1268 contempserunt,
633 1184 836 1263 servitutem,
847 1203 915 1245 non
926 1203 1044 1269 pacem
1055 1183 1128 1264 rati,
1146 1203 1233 1268 quae

246 1291 314 1334 non
329 1271 409 1355 ipsis
426 1269 614 1332 civitatibus
639 1268 844 1346 conveniret,
868 1267 926 1330 sed
947 1289 968 1330 a
986 1268 1111 1332 victore
1132 1267 1233 1330 ferre

197 1363 237 1420 20
247 1363 311 1418 tur.
354 1353 494 1417 Auxilia
515 1352 635 1416 deinde
657 1351 864 1438 singularum
895 1353 1077 1416 civitatium
1109 1352 1233 1416 descri-

246 1438 387 1517 buntur,
418 1439 488 1503 sive
513 1437 722 1525 adjuvandus
746 1459 785 1500 ea
805 1458 907 1500 manu
932 1459 993 1500 rex
1015 1447 1234 1524 oppugnante

249 1523 361 1608 aliquo
377 1523 469 1602 foret,
486 1545 544 1586 seu
560 1523 643 1587 duce
658 1522 717 1586 illo
731 1521 857 1586 bellum
871 1522 1089 1586 inferendum.
1110 1523 1234 1609 Neque

249 1609 337 1672 enim
354 1607 490 1672 dubium
508 1617 593 1688 erat,
618 1609 663 1671 im
689 1609 793 1671 crium
809 1607 985 1671 Persarum
1000 1607 1051 1670 his
1066 1610 1234 1694 apparati-

197 1701 233 1758 21
248 1693 310 1758 bus
326 1695 403 1779 peti.
434 1691 571 1757 Summa
586 1631 785 1756 anxiiiorum
803 1693 945 1756 ducenta
958 1691 1065 1756 millia
1079 1692 1232 1778 peditum

247 1779 340 1843 fuere
356 1789 388 1842 et
402 1779 551 1863 equitum
568 1778 757 1862 quindecim
773 1777 888 1841 millia.
919 1777 1025 1841 Extra
1040 1777 1127 1840 hanc
1143 1801 1233 1842 sum-

248 1885 334 1928 mam
353 1874 385 1927 et
399 1862 614 1926 Macedoniae
630 1864 794 1926 exercitus
811 1871 896 1942 erat,
922 1871 954 1926 et
968 1862 1107 1926 confinis
1129 1862 1234 1927 dorni-

247 1958 354 2013 tarum
377 1949 525 2034 gentium
545 1947 725 2012 barbaries.
761 1945 861 2010 Initio
883 1949 971 2012 veris
993 1955 1059 2011 tres
1073 1947 1178 2012 duces
1196 1951 1232 2012 in

247 2033 362 2096 Asiam
397 2035 573 2096 Persarum
605 2032 692 2119 juris
727 2033 929 2118 praemittit,
966 2031 1232 2114 Parmenionem,

248 2121 428 2203 Amyntam
444 2127 476 2180 et
490 2117 649 2199 Attalum,
673 2119 768 2204 cnjus
784 2139 929 2182 sororem
945 2117 1155 2206 Cleopatram
1171 2141 1233 2182 nu-

249 2223 324 2289 per,
349 2202 489 2288 expulsa
508 2201 694 2266 Alexandri
716 2210 820 2266 matre
836 2202 1046 2289 Olympiade,
1068 2204 1104 2266 in
1120 2204 1234 2268 matri-

248 2288 396 2350 monium
412 2296 590 2373 receperat

443 2507 602 2576 Philippus
620 2522 638 2563 a
656 2424 808 2570 {23⁵AE
825 2507 1035 2562 obtruncatur.
1142 2495 1145 2502 ’

199 2617 240 2678 22
269 2673 272 2676 .
312 2610 459 2690 Interea,
483 2609 562 2674 dum
585 2609 712 2674 auxilia
734 2631 755 2672 a
773 2608 919 2674 ¹(iraecia
941 2616 1079 2692 coeunt,
1098 2614 1234 2698 nuptias

249 2693 444 2779 Cleopatrae
459 2695 548 2758 filiae
564 2703 597 2758 et
617 2694 812 2774 Alexandri,
835 2717 933 2779 quem
948 2717 1061 2780 regern
1077 2695 1175 2782 Epiri
1190 2699 1234 2762 fe·

249 2788 354 2857 cerat,
382 2779 536 2843 celebrat.
573 2779 655 2844 Dies
679 2788 749 2846 erat
768 2802 828 2866 pro
844 2780 1074 2864 magnitudine
1090 2782 1234 2847 ducrum

248 2885 379 2948 regum,
404 2873 436 2928 et
457 2863 650 2928 collocantis
665 2865 768 2930 filiam
785 2875 817 2931 et
833 2887 969 2930 uxorem
986 2865 1155 2949 ducentis,
1177 2889 1235 2968 ap-

273 2948 419 3016 aratibus
441 2950 593 3033 insignis.
637 2949 704 3015 Sed
727 2972 790 3016 nec
815 2949 970 3016 ludorum
985 2951 1236 3036 magnificentra

248 2973 377 3116 deerat3
394 3033 437 3102 ad
453 3056 593 3120 quorum
609 3036 833 3122 spectaculum
849 3035 1024 3122 Philippus
1063 3059 1144 3102 uum
1161 3039 1234 3102 sine
1324 3063 1325 3076 ¹

249 3120 441 3189 custodibus
468 3121 613 3206 corperis
639 3121 768 3188 medius
795 3121 881 3186 inter
907 3121 1007 3205 duos
1057 3123 1234 3204 exaudies,

248 3206 354 3271 filium
368 3227 525 3291 generum
552 3228 604 3292 ue,
615 3207 836 3285 contenderet,
844 3205 1038 3288 Pausanias,
1050 3206 1173 3272 nobilis
1190 3230 1235 3271 ex

248 3291 487 3360 Macedonibus
502 3229 704 3372 adolescens,
720 3292 845 3358 nemini
861 3299 1048 3377 suspectus,
1064 3294 1236 3376 occupatis

110 3383 184 3444 336.
249 3378 429 3461 angustiis,
453 3376 647 3463 Philippum
663 3378 698 3440 in
713 3377 855 3442 transitu
871 3376 1061 3456 chaumont,
1077 3376 1236 3462 diemque

198 3461 392 3530 23laetitiaa
407 3463 618 3543 destinatum,
633 3461 766 3526 foedum
781 3460 873 3526 luctu
895 3463 1020 3536 funeris
1042 3461 1129 3528 facit.
1170 3461 1236 3528 Ille

247 3547 472 3630 turpissimam
493 3547 649 3633 injuriam
672 3546 714 3610 ab
737 3546 850 3612 Attalo
865 3567 983 3632 passus
998 3547 1116 3627 fuerat,
1132 3568 1235 3634 quam
