2678 4246
244 334 281 396 90
530 337 671 390 ausum
687 337 935 391 HISTORIARUM

242 501 399 568 nequeant
414 509 479 567 pro
501 496 610 567 salute,
626 509 690 567 pro
713 495 829 553 ultione
843 501 944 554 tamen
958 511 1017 554 sua
1033 511 1138 554 omnes
1150 497 1224 570 scr-

116 626 118 632 .
190 583 232 640 38
243 595 311 638 rum
325 581 491 652 strinpere.
522 579 632 654 Itaque
648 581 877 652 consulendum,
894 595 957 653 qua
971 583 1096 640 ratione
1110 597 1151 638 ac
1165 597 1225 654 spe

242 673 354 738 coepta
370 665 451 723 bella
465 667 647 724 sustineant.
684 663 763 722 Esse
777 672 877 722 autem
894 665 958 724 sibi
972 667 1124 725 uictoriae
1136 667 1223 736 fidu-

242 753 334 817 ciam,
350 751 380 808 si
390 751 431 808 sit
443 751 505 808 illis
517 752 658 820 animus,·
672 749 890 823 Romanosque
901 751 1096 824 ainciposse,
1110 753 1222 824 coani-

242 845 303 894 tum
324 851 388 894 non
409 835 472 894 sibi
486 837 597 908 mapis,
621 851 713 909 quam
729 836 807 907 ipsis
822 835 978 908 militibus,
1002 837 1056 910 qui
1070 842 1101 894 et
1114 838 1148 894 in
1163 835 1222 894 Bi-

241 922 351 996 tnynle
371 921 527 994 Aquilium
553 927 583 978 et
605 920 766 978 Maltinum
790 923 821 978 ln
844 920 1048 993 Cappadocia
1066 921 1221 994 fuderint.

189 1010 229 1066 39
240 1007 280 1064 At
305 1007 443 1078 siquem
466 1006 572 1066 aliena
592 1007 694 1077 mapis
717 1007 874 1077 exempla,
904 1021 995 1078 quarn
1017 1021 1077 1063 sua
1092 1007 1222 1078 experi-

240 1096 343 1150 menta
366 1098 515 1164 moueant,
541 1091 652 1150 andire
673 1107 717 1161 se,
742 1105 762 1146 a
782 1091 917 1164 Pyrrho,
938 1106 1011 1164 repe
1033 1091 1133 1164 Epiri,
1158 1107 1222 1150 non

241 1178 374 1250 anplius
402 1191 494 1250 qnam
514 1177 650 1249 quinque
671 1175 806 1234 millibus
825 1175 1031 1234 Macedonum
1056 1179 1221 1248 instructo,

187 1266 230 1324 40
239 1263 339 1322 tribus
350 1263 480 1333 proeliis
492 1261 586 1334 susos
601 1276 669 1319 esse
679 1259 848 1319 Romanos.
875 1259 1001 1333 Audire,
1013 1261 1222 1320 Hannibalem

202 1375 205 1378 ·
238 1348 375 1406 sedecim
386 1347 479 1404 annis
487 1345 601 1404 Italiae
612 1348 755 1406 uictorem
766 1347 979 1416 immoratum·
988 1353 1020 1404 et
1030 1347 1107 1420 quin
1118 1348 1222 1424 ipssarn

239 1430 494 1504 superaturam,
510 1447 573 1490 non
588 1430 799 1490 Romanorum
815 1433 895 1490 uires
910 1431 958 1490 illi
973 1431 1147 1503 obstitisse,
1163 1433 1223 1490 scel

187 1520 227 1578 41
239 1517 429 1576 domesticae
440 1517 659 1576 aemulationis
670 1523 763 1589 atque
778 1518 916 1577 inuidiae
926 1517 1069 1576 studium.
1091 1517 1220 1587 Audire,

230 1603 371 1678 populos
384 1600 610 1674 Transalpinae
623 1603 745 1660 Galliae
755 1600 881 1660 Italiam
896 1605 1054 1675 inpressos
1064 1603 1222 1661 maximas

231 1691 450 1762 plurimasque
471 1687 539 1758 ejus
561 1687 655 1745 urbes
674 1687 857 1759 possidere;
884 1695 914 1747 et
935 1687 1035 1744 solum
1057 1688 1220 1761 aliquanto

237 1776 334 1832 latius
357 1787 449 1845 qaam
475 1773 507 1830 in
532 1772 628 1844 Asia,
656 1787 738 1845 quae
764 1773 889 1830 dicatur
915 1771 1065 1843 imbellis,
1093 1773 1220 1830 cosdem

241 1859 347 1926 Gallos
370 1850 543 1930 occupasse
548 1876 562 1927 ,·
582 1873 641 1916 nec
662 1859 773 1915 uictam
795 1859 894 1916 solum
915 1855 1045 1915 Romam
1068 1872 1089 1914 a
1108 1857 1217 1930 Gallis,

237 1946 296 2002 sed
318 1945 410 2002 eliam
426 1949 565 2016 captam,
589 1944 634 2000 ita
649 1932 683 2000 u't
696 1944 789 2002 unius
810 1945 923 2002 montis
938 1949 1054 2001 tontum
1069 1957 1221 2002 cacumen

238 2031 301 2088 iliis
316 2031 559 2101 relinqueretum
573 2044 633 2086 nec
648 2028 726 2086 bello
742 2029 870 2100 leostem,
886 2030 945 2086 sed
952 2028 1056 2101 pretio
1072 2035 1221 2087 remotum

185 2116 227 2175 42
239 2131 315 2172 esse.
357 2113 515 2171 Gallorum
538 2120 638 2171 autem
659 2129 787 2186 nomen,
813 2115 898 2188 qnod
916 2129 1038 2186 semper
1058 2111 1220 2172 Romanos

131 2203 145 2225 ⁸
238 2199 402 2270 terruerit,
430 2199 462 2255 in
482 2204 609 2271 partem
636 2200 745 2257 uirium
767 2215 895 2257 suarum
921 2201 1022 2278 ipsum
1046 2215 1218 2257 numerare.

237 2285 314 2343 Nam
330 2285 398 2355 nos,
415 2286 470 2356 qui
480 2284 587 2342 Asiam
604 2285 751 2355 incolant,
767 2284 874 2342 Gallos
887 2285 1012 2356 abillis,
1029 2285 1084 2356 qni
1093 2283 1221 2343 Italiam

239 2369 474 2442 occupaverint,
495 2369 623 2427 sedibus
638 2375 754 2426 tantum
770 2370 905 2440 distare,·
926 2371 1079 2442 oripinem
1095 2370 1219 2442 quidem

238 2471 278 2514 ac
293 2457 433 2514 uirtutem
446 2469 607 2527 penusque
614 2468 746 2528 pupnae
760 2455 841 2512 idem
856 2455 985 2528 nabere,
1007 2459 1155 2528 tantoque
1169 2456 1220 2514 ln's

236 2543 407 2613 sapaciora
432 2555 500 2597 esse
515 2541 665 2612 inpcnias
684 2555 775 2612 quam
791 2541 868 2612 illis,
889 2545 1005 2613 quanto
1026 2542 1166 2613 loupiori
1181 2556 1220 2599 ac

237 2626 416 2696 difficiliori
428 2626 531 2696 spatio
544 2640 605 2696 per
618 2623 778 2698 illyricum
794 2624 1020 2700 Thraciamque
1030 2625 1216 2696 prodierint.

185 2715 226 2772 43
236 2711 306 2768 Jam
319 2711 420 2782 ipsam
431 2709 565 2782 Italiam,
587 2710 698 2768 audire
708 2725 751 2782 se,
768 2726 933 2783 numquam
945 2727 965 2768 a
976 2708 1078 2768 Roma
1089 2711 1218 2770 condita

236 2797 315 2853 satis
328 2796 431 2867 fuisse
438 2801 608 2867 pacatam,
631 2795 691 2852 sed
704 2795 832 2853 assidue
839 2811 903 2868 per
918 2812 1023 2854 omnes
1045 2812 1147 2854 annos
1154 2813 1218 2870 pro

236 2881 380 2939 libertate
402 2880 497 2952 alios,
521 2879 673 2953 quosdam
696 2881 788 2938 ctiam
803 2896 867 2952 pro
890 2882 1020 2953 imperio
1036 2881 1126 2939 bellis
1142 2897 1217 2940 con-

236 2967 331 3025 tinuis
339 2980 572 3038 perseuerasse,
589 2971 619 3023 et
630 2981 650 3022 o
666 2966 767 3025 multis
783 2965 960 3024 civitatibus
971 2965 1085 3026 Italiae
1100 2965 1218 3025 deicias

237 3067 306 3110 esse
327 3048 539 3109 Rornanorum
565 3052 724 3110 exercitus
745 3051 853 3124 ferro,
879 3067 899 3108 a
927 3051 1111 3126 quibusdam
1137 3067 1216 3110 nouo

184 3137 441 3196 44contumeliae
462 3151 546 3194 more
566 3135 624 3194 sub
638 3136 751 3210 jupam
773 3137 894 3195 missos.
937 3137 983 3196 Ac
1004 3153 1044 3195 ne
1063 3135 1218 3196 ueteribus

237 3224 413 3281 immoretur
425 3223 585 3294 exemplis,
602 3221 664 3280 noo
675 3223 745 3294 ipso
756 3228 893 3295 tempore
904 3224 1080 3282 uniuersam
1091 3221 1217 3281 ltaliam

236 3308 314 3366 bello
335 3306 476 3366 Marsico
499 3308 754 3378 consurrexisse,
777 3322 840 3366 non
855 3307 927 3381 jam
948 3307 1137 3378 libertatem,
1160 3308 1243 3366 scd.

235 3394 426 3450 consortium
447 3393 572 3465 imperii
592 3392 789 3466 ciuitatisque
798 3401 997 3466 poscentem·
1016 3409 1076 3452 nec
1088 3395 1217 3467 pravius

234 3477 337 3534 vicino
353 3477 468 3549 Italiae
484 3477 578 3549 ballo,
600 3492 692 3550 qnam
708 3477 885 3538 domesticis
900 3479 1084 3552 principum
1095 3479 1216 3552 sactio-

234 3560 327 3622 nibus
349 3562 455 3620 urbem
470 3563 591 3636 premi,
614 3562 769 3636 multoque
781 3564 997 3637 periculosius
1010 3564 1123 3624 Italico
1148 3579 1218 3622 esse
1331 3543 1332 3592 1
