2666 4246
241 340 299 402 122
522 344 662 397 Jus'rmr
678 342 926 396 ursroannuu

457 579 627 636 Demetrius
645 496 848 634 uiiidoilam
865 579 1001 646 occupat.

191 692 232 748 20
303 681 384 745 Post
394 681 572 746 Cassandri
589 683 675 766 regis
690 682 818 766 filiique
833 683 903 766 ejus
914 680 1061 763 Philippi
1077 688 1225 742 mortem

242 766 476 832 Thessalonice
487 769 611 852 regina,
629 789 712 830 uxor
725 765 911 847 Cassandri,
929 788 995 830 non
1006 787 1126 849 magno
1142 773 1228 848 post

241 863 388 936 tempore
400 841 444 915 ab
454 854 628 936 Antipatro
641 851 709 916 filio
726 851 895 916 occiditur.
926 851 1035 916 causa
1045 850 1228 934 parricidii

239 938 311 1016 fuit,
324 937 412 1022 quod
425 947 646 1020 postmortem
659 937 769 1000 mariti
780 939 814 1000 in
828 937 990 1000 divisione
1001 937 1088 998 inter
1098 936 1226 998 fratres

241 1025 335 1107 regni
354 1023 549 1108 propensior
569 1023 673 1086 fuisse
689 1019 879 1086 Alexandro
903 1021 1086 1086 videbatur.
1118 1019 1226 1099 Quod

240 1108 368 1170 facinus
384 1130 422 1172 eo
439 1109 572 1192 gravius
589 1108 740 1170 omnibus
756 1110 864 1170 visum
886 1117 951 1186 est,
975 1105 1064 1192 quod
1085 1105 1225 1168 nullum

241 1203 408 1256 maternae
424 1193 547 1256 fraudis
563 1195 740 1277 vestigium
755 1193 830 1271 fnit,
847 1213 1047 1278 quamquam
1062 1191 1096 1252 in
1113 1191 1226 1276 parri-

242 1279 328 1340 cidio
357 1277 451 1340 nulla
479 1280 557 1342 satis
575 1280 668 1364 justa
689 1301 789 1342 causa
811 1277 852 1340 ad
876 1277 1010 1341 sceleris
1032 1277 1225 1362 patrocinia

191 1371 228 1428 21
240 1363 389 1446 praetexi
405 1373 520 1446 potest.
551 1363 631 1427 Post
646 1365 727 1427 haec
741 1365 842 1448 igitur
857 1363 1055 1442 Alexander,
1071 1363 1107 1423 in
1123 1360 1225 1425 ultio-

241 1469 317 1510 nem
333 1459 500 1510 maternae
515 1451 606 1511 necis
622 1460 774 1534 gesturus
791 1449 980 1511 cumfratre
1003 1447 1137 1525 bellum,
1160 1468 1223 1510 au-

241 1533 359 1596 xilium
380 1555 400 1595 a
422 1533 590 1597 Demetrio
611 1536 708 1618 petit3
738 1555 800 1598 nec
822 1533 1010 1597 Demetrius
1040 1553 1098 1616 spe
1124 1532 1224 1594 inva-

242 1618 341 1685 dendi
352 1617 559 1682 Macedonici
568 1621 662 1704 regni
678 1641 801 1682 moram
815 1619 899 1681 fecit.
925 1617 1027 1702 Oujus
1038 1619 1222 1680 adventum

240 1725 358 1766 verens
374 1702 594 1788 Lysimachus
616 1705 793 1791 persuadet
813 1725 934 1788 genero
955 1725 1014 1766 suo
1030 1703 1222 1787 Antipatro,

242 1797 279 1851 ut
300 1787 393 1852 malit
414 1809 489 1851 cum
510 1789 609 1852 fratre
632 1793 666 1854 in
689 1791 828 1874 gratiam
845 1791 975 1870 reverti,
998 1811 1096 1872 quam
1111 1795 1222 1872 pate'r-

193 1886 232 1943 22
242 1897 321 1937 num
334 1873 460 1937 hostem
469 1876 503 1936 in
511 1873 737 1938 Macedoniam
751 1874 887 1937 admitti.
913 1874 1104 1938 Inchoatam
1115 1873 1222 1956 igitur

241 1961 327 2022 inter
342 1959 458 2024 fratres
474 1961 773 2024 reconciliationem
787 1981 892 2046 quum
909 1961 1143 2045 praesensisset
1154 1959 1222 2022 De-

242 2045 390 2121 metrius,
407 2067 466 2130 per
481 2046 618 2110 insidias
634 2045 863 2109 Alexandrum
878 2047 1055 2125 interfecit3
1080 2063 1221 2127 occupa-

242 2139 342 2213 toque
368 2129 583 2194 Macedoniae
610 2151 729 2214 regno,
758 2132 892 2194 caedem
919 2131 1008 2216 apud
1035 2131 1220 2192 exercitum

242 2224 468 2292 excusaturus,
484 2216 518 2277 in
532 2217 724 2280 concionem
739 2227 845 2279 vocat.
875 2217 927 2280 lbi
943 2216 1054 2280 habita
1070 2217 1220 2278 oratione

235 2300 364 2384 justum
382 2322 415 2362 se
431 2300 644 2364 Macedoniae
660 2323 770 2384 regem
789 2323 859 2366 esse
875 2303 1025 2382 affirmat,
1049 2302 1106 2386 qui
1123 2300 1221 2362 ultio·

241 2406 316 2446 nem
336 2393 383 2446 tot
404 2385 564 2449 scelerum
581 2409 600 2450 a
616 2386 812 2467 Cassandro,
835 2389 1009 2472 Antipatro
1026 2397 1058 2448 et
1073 2385 1221 2450 Alexan-

242 2469 300 2533 dro
317 2472 565 2534 commissorum
584 2475 741 2556 exegerit.
777 2472 829 2535 lta
843 2474 992 2556 mitigato
1008 2472 1141 2558 populo,
1159 2493 1221 2533 rex

191 2566 230 2622 23
241 2555 454 2620 Macedoniae
478 2557 672 2640 appellatur.
718 2558 937 2642 Lysimachus
961 2579 1091 2643 quoque
1114 2579 1220 2640 quum

240 2640 328 2705 bello
351 2641 604 2722 Dromichaetis,
628 2643 715 2724 regis
738 2643 915 2724 Thracum,
938 2651 1158 2727 premeretur,
1175 2665 1220 2706 ne

242 2725 356 2788 eodem
384 2736 531 2810 tempore
562 2736 593 2790 et
623 2727 783 2792 adversus
807 2750 880 2791 eum
906 2729 1062 2791 dimicare
1083 2749 1221 2791 necesse

241 2809 387 2887 haberet,
398 2811 519 2874 tradita
531 2813 560 2875 ei
573 2813 675 2876 altera
687 2826 780 2898 parte
791 2813 1015 2894 Macedoniae,
1029 2834 1114 2899 quae
1126 2814 1220 2877 Anti-

240 2904 334 2980 patro
351 2895 421 2980 ejus
438 2917 559 2980 genero
577 2898 763 2980 obvenerat,
780 2921 894 2982 pacem
913 2922 987 2962 cum
1004 2919 1041 2962 eo
1057 2898 1145 2962 fecit.

473 3117 632 3174 Cassandri
650 3037 986 3188 oiiniisbiistngunur.
1022 3129 1026 3136 “

191 3230 231 3287 24
305 3223 422 3307 Itaque
444 3221 649 3305 Demetrius,
680 3227 755 3288 totis
778 3225 991 3288 Macedoniae
1020 3222 1148 3287 viribus
1171 3225 1220 3286 in·

240 3317 398 3386 structus,
428 3330 529 3393 quum
553 3309 667 3374 Asiam
698 3332 860 3394 occupare
889 3312 1072 3388 statuisset,
1102 3310 1219 3372 iterato

240 3391 459 3474 Ptolemaeus,
475 3393 633 3458 Seleucus
649 3404 681 3459 et
695 3395 925 3480 Lysimachus,
949 3404 1045 3480 pacta
1066 3395 1221 3458 societate

241 3476 459 3563 adunatisque
476 3480 684 3560 exercitibus,
701 3481 826 3544 bellum
842 3482 999 3545 adversus
1012 3480 1221 3544 Demetrium

191 3569 230 3627 25
241 3562 671 3650 transferuntinEuropam.
694 3566 756 3630 His
770 3568 921 3632 comitem
933 3566 1080 3652 bellique
1091 3566 1220 3629 socium
