2678 4246
432 315 441 332 ‘
488 341 599 400 mena
616 342 714 398 xxm
1046 341 1086 404 lt

104 487 251 555 obsideri
266 512 338 554 earn
354 511 430 556 cum
446 491 585 575 parvulo
596 491 669 557 etio
685 492 878 556 nunciatum
891 504 978 558 esset
988 495 1088 559 Asiae

104 574 314 656 civitatibus,
336 575 564 640 recordatione
585 586 746 661 paternae
763 578 994 664 majorumque
1017 582 1088 666 ejus

105 659 285 748 dignitatis
309 682 420 736 meum
443 669 510 740 tem
532 662 601 736 ind'
653 685 692 751 ae
713 662 863 729 fortunae
885 664 1110 748 miserantes„

104 745 234 812 auxilia
254 746 284 812 ei
297 746 413 814 omnes
428 745 557 812 misere.
630 756 718 813 rater
733 769 865 834 quoque
879 747 1088 816 Ptolemaeus

130 829 256 914 ericulo
280 829 402 895 sororis
418 833 603 912 exterritus,
627 831 741 898 relicto
756 854 871 921 regno,
894 855 969 898 cum
985 837 1088 900 omni-
1107 893 1111 900 .

50 961 54 972 ·
101 853 167 985 dus
193 914 322 988 viribus
348 915 491 1002 advolat.
536 917 602 983 Sed
623 915 784 984 Berenice
806 925 884 992 ante
905 917 1087 984 adventum

103 998 318 1082 auxiliorum,
336 1021 440 1090 quum
459 1003 494 1066 vi
509 1005 695 1090 expugnari
710 1023 777 1068 non
791 1013 913 1088 posset,
935 1003 1010 1070 dolo
1026 1003 1086 1070 cir-

102 1095 283 1158 cumventa
312 1085 503 1164 trucidatur
563 1087 708 1172 Indigna
732 1109 788 1154 ‚res
817 1088 973 1156 omnibus
1003 1090 1114 1158 visa.3

101 1171 221 1258 Itaque
238 1171 340 1260 quum
356 1173 530 1242 universae
544 1171 703 1256 civitates,
724 1195 810 1261 quae
826 1171 1021 1255 defecerant,
1032 1173 1086 1240 in-

126 1267 237 1324 entem
257 1255 394 1324 classem
415 1268 671 1344 comparassent,
695 1268 831 1344 repente
846 1267 943 1326 exem
966 1259 1086 1327 locru-

102 1280 250 1428 delitatis
263 1337 450 1425 exterritae,
458 1345 501 1410 in
509 1339 672 1430 ,ultionem
681 1346 765 1431 ejtrs,
779 1367 878 1432 quam
891 1343 912 1412 d
946 1367 1086 1412 ensurae

104 1435 209 1510 erant,
231 1427 420 1500 Ptolemaeo
443 1425 478 1494 ¹se
499 1429 651 1513 tradunt3
675 1430 732 1516 qui
754 1426 821 1498 nisi
841 1430 1084 1518 inAegyptum

104 1512 286 1587 domestica
314 1511 475 1580 seditione
497 1524 671 1602 reuocatus
695 1520 795 1595 esset,
817 1524 922 1596 totum
943 1538 1084 1602 regnum

102 1599 237 1664 Seleuci
259 1608 459 1688 occupasset.
505 1599 649 1664 Tantum
672 1599 726 1664 vel
749 1595 800 1666 illi
822 1599 934 1664 odium
950 1601 1084 1685 parrici-

103 1683 192 1748 diale
222 1678 343 1760 scelus,
374 1681 428 1748 vel
454 1683 532 1747 huic
557 1681 703 1753 satorem
729 1684 868 1771 indigne
894 1694 1084 1772 peremptae
1128 1761 1130 1772 Ι
1156 1739 1198 1778 Μ

101 1769 224 1834 sororis
239 1790 327 1847 mors
342 1767 505 1833 attulerat.
541 1827 543 1831 ,
637 1831 639 1836 ,
682 1823 685 1832 ,
764 1825 765 1832 ,

529 1973 604 2026 ΟΑΡ.
622 1973 660 2028 11.

406 2074 525 2130 Seleuci
541 2075 629 2132 soria
643 2075 778 2130 fortune.
886 2146 890 2154 „

167 2191 247 2258 Post
265 2195 448 2262 discessum
463 2193 644 2270 Ptolemaei
659 2169 828 2276 Seleucus,
849 2277 851 2284 y
874 2219 953 2260 uum
966 2197 1113 2265 adver-4

104 2301 160 2346 sus
178 2279 337 2362 civitates,
352 2277 650 2366 quae'defecerant,
666 2281 836 2368 ingentem
848 2217 986 2350 dassen
998 2304 1083 2370 com·

101 2373 262 2450 parasset,
284 2374 435 2455 repente„
450 2364 556 2430 veluti
570 2365 633 2430 diis
648 2366 729 2452 ipsis
743 2361 961 2452 parricidrum
977 2367 1083 2432 vindi-

101 2449 265 2530 cantibus,
289 2459 358 2515 orta
381 2459 573 2537 tempestate
595 2450 733 2516 classem
755 2441 929 2538 naufragio
946 2454 1081 2536 amittit;

100 2557 165 2598 nec
188 2534 369 2620 quidquam
392 2535 443 2600 illi
465 2558 507 2599 ex
528 2533 618 2599 'tanto
635 2531 795 2660 apparatu
811 2546 940 2620 praeter
955 2537 1083 2600 nudum

102 2641 224 2702 corpus
246 2629 278 2683 et
299 2622 448 2704 spiritum
474 2629 506 2684 et
536 2618 660 2685 'audes
674 2620 840 2708 naufragii
854 2621 989 2685 comites
1004 2622 1084 2684 resi·
1121 2671 1123 2675 .

101 2703 185 2770 duos
209 2705 341 2770 fortuna
362 2706 449 2769 feeit.
475 2745 479 2752 -
527 2720 616 2784 asera
631 2706 843 2791 quidem-res,
865 2705 924 2769 sed
939 2707 1111 2791 optandas

101 2788 342 2860 Seleucofuit:
366 2789 536 2876 siquidem·
554 2792 720 2872 civitates,
788 2860 790 2864 f
808 2813 826 2862 e
843 2789 923 2860 odie
944 2793 1018 2878 ejus
1041 2793 1083 2857 ad
1106 2815 1136 2866 ,η

101 2873 329 2942 Ptolemaeum
344 2877 551 2951 transierant,
567 2875 663 2944 velut
674 2894 747 2960 per·
790 2891 826 2942 os
839 2875 1084 2948 arbitros-satis-

101 2961 312 3032 namneti
335 2961 627 3047 esset,·repentina
646 2963 831 3032 animosum
851 2964 1032 3030 mutatione
1046 2965 1083 3028 in

101 3045 271 3130 scutagii
285 3045 544 3118 misericordiam
557 3067 683 3130 versae,
697 3047 840 3131 imperio
854 3070 889 3118 se
905 3049 975 3148 ejus
991 3052 1082 3114 nesti-

101 3140 210 3197 munt.
255 3131 380 3202 laetus
391 3133 494 3216 igitur
507 3131 604 3196 malis
617 3134 689 3204 suis
703 3141 738 3196 et
751 3131 881 3204 damnis
893 3131 997 3198 ditior
1009 3133 1109 3200 redet

101 3215 202 3296 (little,
217 3216 319 3289 veluti
331 3239 396 3302 par
408 3215 537 3288 viribus
551 3216 677 3288 bellum
686 3216 879 3285 Ptolemaeo
894 3217 1006 3300 infern
1023 3218 1083 3285 sed
1102 3245 1114 3290 ¹.
1128 3238 1136 3292 ζ

102 3302 199 3386 quasi
221 3303 269 3374 ed
279 3301 472 3372 ‘ludibrium'
481 3311 609 3376 tantum
625 3303 777 3378 fortunae
791 3311 1005 3384 natus22esset,³
1019 3325 1082 3368 nec

101 3394 237 3471 psopter
254 3387 347 3452 aliud
366 3404 447 3535 opes
459 3388 768 3474 ‚regnineeepisset¹
782 3390 1037 3473 'quantunamtt
1051 3411 1081 3454 e-

101 3482 163 3553 ret,
183 3473 291 3544 victus
306 3495 387 3556 proc
400 3474 443 3554 ic,
454 3495 531 3542 non
541 3472 651 3542 'multo
662 3491 768 3560 quem
782 3481 857 3560 post
869 3473 1081 3560 nmrfragium

100 3558 294 3638 comitatior,
310 3557 460 3644 trepidus
472 3555 869 3651 Antiochiamoont'ugit'
898 3607 904 3618 ,
927 3555 930 3564 ’
978 3645 988 3660 ο
