2678 4246
491 346 600 398 LIBER
617 347 738 401 XXXVI.
1071 345 1108 408 91

119 503 218 562 ciuile
238 502 360 564 bellum.
396 504 498 563 Simul
518 510 548 562 et
562 521 582 562 a
601 505 768 564 Germania
786 505 936 579 Cimbros,
961 509 1109 565 immensa
1118 509 1160 566 45

120 589 226 648 millia
244 589 386 661 serarum
409 597 501 664 atque
524 592 681 650 immitium
697 593 903 664 populorum,
930 607 1014 650 more
1028 608 1108 666 pro·
1143 645 1145 649 ,

121 673 227 733 cellae
245 675 418 734 inundasse
431 674 576 745 baliam,-
599 692 728 749 qaorum
750 679 873 735 tametsi
886 677 1012 751 sinpala
1028 677 1120 736 bella.

121 759 263 818 Romani
283 763 436 819 sustinere
458 767 603 833 possent,
630 763 784 820 uniuersis
805 768 907 820 tamen
929 779 983 821 eos
1006 762 1108 836 obrui,

123 851 173 917 ut,
189 861 229 904 ne
244 852 410 904 vacaturos
426 846 550 920 quidem
567 847 645 908 bello
661 863 729 920 suo,
739 855 838 920 putet.

550 993 626 1046 OAP.
644 993 678 1044 x.
754 1025 758 1030 -

513 1078 727 1134 Contionatus.

232 1183 259 1233 2.
294 1184 411 1248 iujurias
430 1189 573 1246 enumerat,
591 1197 656 1246 quas
672 1197 768 1246 passus
785 1185 823 1234 sit
840 1199 857 1234 a
874 1186 1007 1236 Romanis.

183 1269 331 1330 Utendum
343 1275 441 1346 ipitur
453 1289 522 1332 esse
531 1275 701 1333 occasione
712 1279 743 1330 et
750 1273 905 1346 rapienda
918 1275 1109 1332 incrementa
1119 1273 1160 1332 46

123 1359 255 1429 uirium,
278 1373 332 1431 ne,
355 1359 385 1416 st
400 1359 463 1417 illis
479 1360 642 1432 occupatis
658 1358 847 1431 quieverint,
870 1374 943 1416 mox
958 1359 1109 1418 aduersus

122 1458 243 1502 uacuos
264 1450 294 1501 et
315 1445 436 1516 quietos
456 1445 558 1517 majus
581 1445 737 1516 nepotium
751 1443 898 1504 babeant.
936 1445 1005 1503 Non
1028 1447 1109 1503 enim

124 1530 255 1602 quaeri,
278 1545 320 1586 an
343 1530 500 1602 capienda
521 1531 585 1588 sint
606 1544 709 1601 arma,
733 1529 792 1587 sed
811 1536 912 1588 utrum
930 1545 991 1588 sua
999 1531 1112 1602 potius.
1185 1529 1188 1534 ⁴

124 1615 312 1685 occasione,
335 1629 377 1671 an
401 1615 533 1682 illorum.
570 1613 649 1672 Nam
669 1614 779 1672 bellum
800 1615 1021 1688 epotaemjom
1036 1615 1159 1674 tunc4l
1197 1685 1199 1690 ι

122 1715 229 1757 secam
244 1699 285 1758 ab
300 1700 363 1758 illis
376 1701 446 1772 peri
465 1707 619 1774 coeptum,
642 1715 733 1774 quum
748 1699 812 1758 sibi
819 1700 943 1772 pupillo
959 1700 1107 1772 majorem

122 1783 297 1858 Plirppiam
325 1785 512 1857 ademerint,
541 1801 633 1858 quam
653 1786 745 1858 patri
764 1799 822 1842 suo
841 1786 1017 1857 praemium
1041 1784 1109 1844 dati

125 1869 278 1928 aduersus
303 1867 513 1928 Aristonicum
540 1871 654 1928 auxilii
679 1871 929 1941 concessissent,
959 1886 1051 1944 qaam
1079 1878 1109 1928 et

117 1970 243 2028 proauo
273 1971 330 2013 suo
360 1953 540 2015 Mithridati
557 1953 716 2014 'Seleucus
745 1955 914 2014 Callinicus
944 1957 976 2014 in
1007 1956 1108 2014 dotem

125 2040 271 2100 dedisset.
309 2039 416 2110 Ouid?
443 2057 534 2114 quum
551 2058 568 2099 e
583 2040 803 2114 Paphlaponia
817 2056 853 2098 se
869 2041 1019 2098 decedere
1032 2041 1107 2114 jus·

124 2126 240 2196 serint,
264 2141 327 2183 non
350 2127 480 2185 alterum
500 2126 579 2185 illud
596 2142 696 2200 petius
711 2127 784 2184 belli
795 2125 919 2198 fnisse?
948 2141 1031 2200 quae
1044 2142 1107 2185 non

125 2211 172 2284 ai,
194 2225 258 2268 non
279 2213 390 2282 armis,
413 2212 472 2269 sed
492 2211 662 2284 adoptione
684 2213 858 2270 testamenti
879 2217 909 2268 et
928 2228 1033 2285 rapum
1050 2212 1107 2270 do·

125 2297 322 2354 mesticorum
350 2297 477 2355 interitu
502 2297 697 2356 bereditaria
717 2299 810 2369 patri
834 2311 892 2354 suo
922 2289 1106 2370 obuenisset.

124 2379 212 2440 Inter
232 2382 317 2440 banc
337 2383 530 2440 decretorum
551 2381 791 2441 amaritudinem
804 2381 951 2454 parendo
974 2399 1037 2441 non
1053 2397 1108 2440 eos
1117 2381 1158 2440 48

124 2483 161 2524 se
170 2468 349 2540 mitipasse,·
365 2483 405 2525 ne
417 2467 588 2526 obtinuisse
600 2468 732 2541 quidem,
750 2469 824 2540 quin
837 2466 983 2525 acerbius
995 2469 1027 2526 in
1039 2468 1109 2526 dies

124 2568 161 2610 se
181 2557 300 2625 perant.
338 2551 430 2622 uuoa
453 2554 533 2612 enim
556 2553 735 2625 obsequium
757 2553 820 2610 illis
840 2567 861 2608 a
875 2568 910 2609 se
931 2567 994 2609 non
1010 2567 1107 2624 prae·

126 2637 244 2696 bitum?
265 2653 328 2696 non
342 2632 515 2712 Plirp'piam
529 2637 841 2710 Paplzlaponiamque
857 2637 1026 2695 dimissas?
1045 2653 1107 2695 non

122 2725 222 2793 ulium
238 2724 379 2782 eductum
395 2740 413 2781 e
429 2723 645 2796 Cappadocia,
667 2723 843 2796 quamjure
856 2724 993 2796 pontium
1008 2725 1108 2781 uictor

126 2810 369 2882 occupavisset?
401 2807 537 2881 Raptam
563 2813 665 2866 tamen
691 2809 753 2868 sibi
779 2824 848 2866 esse
875 2809 1040 2866 uictoriam
1067 2807 1108 2866 ab

127 2895 204 2966 illis,
230 2909 361 2968 quorum
376 2894 457 2952 nibil
469 2896 512 2953 sit
525 2896 589 2953 nisi
604 2894 681 2952 bello
703 2895 884 2967 quaesitum.
922 2893 990 2951 Non
1006 2909 1108 2967 repens
1117 2893 1158 2950 49

125 2978 297 3054 Bitbpniae
313 2978 475 3050 Clireston,
498 2981 530 3038 in
552 2995 641 3052 quem
662 2985 792 3046 senatus
807 2994 897 3036 arma
920 2979 1107 3048 decreuerat,

58 3077 64 3092 ·
126 3080 147 3122 a
169 3081 205 3122 se
227 3065 259 3122 in
280 3066 416 3136 pratiam
439 3065 561 3140 illorum
583 3065 720 3122 occisum
744 3066 833 3122 esse?
865 3061 1106 3122 tamen'nibilo·

126 3152 228 3208 minus
262 3151 411 3222 imputari
439 3149 522 3221 sibi,
556 3151 586 3208 si
616 3165 677 3223 qua
711 3147 843 3207 Gordius
873 3153 929 3206 aut
959 3147 1108 3222 lipranes

123 3235 236 3308 saciat.
275 3232 462 3292 Libertatem
485 3236 578 3294 etiam
597 3237 631 3294 in
650 3235 866 3294 contumeliam
885 3235 937 3292 sai
957 3249 977 3290 a
996 3233 1160 3292 senatn50

126 3320 205 3379 ultro
222 3321 357 3378 delatam
373 3337 442 3378 esse
458 3321 696 3393 Cappadociae,
714 3335 806 3393 quam
820 3319 949 3392 reliquis
963 3318 1108 3392 pentibus

127 3405 320 3464 abstulerint.
366 3405 486 3464 Deinde
498 3406 621 3479 populo
645 3405 864 3478 Cappadocum
879 3419 941 3475 pro
964 3404 1109 3463 libertale

127 3489 234 3549 oblata
258 3491 405 3549 Gordium
426 3506 528 3564 repom
549 3497 672 3562 orante,
703 3490 773 3548 ideo
801 3495 933 3556 tantam,
960 3490 1108 3562 quoniam

127 3577 246 3636 amians
267 3592 343 3634 suus
366 3581 462 3647 esset,
485 3591 547 3633 non
571 3576 751 3635 obtinuisse.
796 3573 992 3634 Nicomedem
1011 3576 1156 3648 prae-51
