2658 4244
440 387 447 398 ,
492 341 602 393 hinnit
619 341 652 392 X.
1021 341 1061 402 59

76 494 136 557 vit.
172 491 273 556 Pulso
295 489 417 556 deinde
436 490 529 556 Mida
557 492 649 580 (nam
671 493 700 556 is
723 515 788 578 quo
813 516 855 558 ue
876 495 1090 581 portionemt

75 577 296 641 Macedoniae
317 577 437 663 tenuit)
459 577 600 664 aliisque
612 577 749 663 regibus
760 599 810 728 qu
825 577 884 659 sis,
899 581 935 642 in
950 579 1060 645 locum

76 665 229 726 omnium
245 661 337 728 solus
352 664 517 744 successit,
534 664 755 750 primusquee
784 665 891 728 unctis
906 666 1060 750 gentibus

73 749 247 814 variorum
260 747 461 832 populorum
475 747 580 814 veluti
595 767 698 814 unum
714 770 833 834 corpus
847 748 1060 816 Macedoniae

74 835 173 915 feciqj
188 834 415 918 crescentique
437 853 539 922 regno
560 833 674 900 valida
697 835 974 900 incrementorum
988 835 1061 905 tiru-

74 918 430 1000 damentacoustituit.
728 951 730 956 ’

126 1155 294 1226 Perdices,
315 1155 465 1226 Argaous,
481 1069 658 1230 Pffiqiplds,
676 1153 831 1227 Aeropus,
849 1155 1003 1230 mnne.

140 1259 222 1324 Post
235 1259 327 1324 hunc
342 1257 500 1324 Perdicca
515 1259 677 1344 regnavit,
693 1259 788 1346 cujus
800 1267 833 1324 et
843 1261 912 1325 vita
923 1259 1089 1328 illustrisb

75 1355 109 1408 et
131 1354 303 1429 postrema
324 1352 502 1430 praecepta
521 1343 751 1410 memorabilia
765 1345 874 1410 fuere:
895 1345 1059 1432 siquidem

73 1452 181 1494 senex
210 1429 355 1494 moriens
380 1427 511 1515 Argaeo
534 1428 603 1494 filio
623 1431 820 1495 monstravit
841 1429 966 1514 locum,
994 1453 1060 1518 quo

74 1515 176 1580 condi
191 1513 305 1596 vellet,
320 1513 435 1601 ibique
448 1536 517 1580 non
531 1536 593 1580 sua
606 1524 745 1598 tantum,
761 1515 822 1586 sed
836 1525 869 1580 et
883 1513 1060 1582 succeden-

73 1603 159 1665 tium
182 1599 250 1664 sibi
269 1621 387 1686 regum
408 1621 484 1668 ossa
505 1602 586 1688 poni
601 1601 715 1688 jussit,
739 1600 924 1686 praefatus,
955 1609 1063 1682 quood

74 1693 122 1751 ihi
151 1692 302 1752 conditae
319 1698 522 1766 postmortem
550 1694 703 1766 reliquiae
721 1695 846 1766 foreat,
875 1709 1005 1766 reunion
1028 1694 1060 1751 in

68 1779 203 1850 sarcilia
217 1793 418 1848 mansurum
443 1771 649 1857 creduntque
664 1771 727 1835 hac
742 1771 985 1856 superstitione,
1003 1792 1061 1836 ex·

73 1858 232 1921 stinctum
255 1858 297 1920 in
319 1855 512 1922 Alexandro
533 1858 691 1942 stirpem‚'
720 1858 800 1941 quie
820 1856 931 1920 locum
952 1855 1061 1941 sepul·

73 1951 171 2006 turae
190 1943 379 2008 mutaverit
415 1941 584 2026 Argaeus,
607 1941 776 2007 moderate
796 1949 829 2005 et
846 1962 926 2009 cum
949 1948 1089 2007 smeret

74 2026 292 2112 popularium
311 2021 542 2092 administrato
564 2049 686 2112 regno,
710 2044 933 2094 successorem
954 2025 1062 2094 filium

74 2112 282 2198 Philippum¹
302 2111 452 2199 reliquit,
488 2112 546 2198 qui
582 2113 760 2178 immatura
794 2122 899 2176 morte
936 2119 1059 2264 regius,

998 2219 1059 2264 em.

73 2200 249 2282 Aeropum
286 2196 464 2282 parvulum
501 2197 679 2264 admodum
716 2191 860 2262 instituit
893 2198 972 2263 here

74 2284 196 2432 Itaque
218 2283 346 2370 illyrii,
366 2282 650 2382 infantiam-regis
666 2283 788 2385 pupilli
803 2291 1089 2385 contemnentes,7

75 2368 166 2434 belo
192 2364 669 2518 Macedones-agqredruntur.
718 2369 784 2450 Qus
807 2369 936 2455 proeho
962 2368 1060 2454 pulsi,

75 2475 156 2538 rege
172 2475 233 2520 suo
247 2455 284 2518 in
300 2453 395 2524 cunis
407 2472 469 2540 pro
483 2462 537 2518 ato
553 2463 587 2518 et
600 2473 687 2539 pone
702 2457 807 2520 aciem
822 2456 939 2538 posito,
952 2455 1060 2518 acrius

76 2549 247 2604 certamen
264 2541 465 2626 repetivere3
487 2547 647 2624 tanquam
666 2539 742 2604 ideo
757 2541 838 2604 victi
853 2540 992 2604 fuissent
1005 2560 1061 2602 an·

77 2635 149 2707 tea,
176 2624 266 2710 quod
288 2623 490 2692 bellantibus
510 2621 576 2689 sibi
598 2626 686 2710 regis
710 2627 762 2691 sui
777 2625 927 2711 auspicia
942 2623 1061 2688 defuis-

77 2720 170 2792 sent3
194 2710 297 2774 futuri
310 2709 365 2774 uel
378 2717 554 2795 ‚propterea
567 2719 662 2775 erant
675 2711 831 2791 victores,
848 2708 938 2796 quod
952 2731 995 2774 ex
1009 2731 1061 2776 sur

76 2795 272 2882 perstitione
287 2796 435 2862 animum
450 2794 607 2860 vincendi
619 2794 906 2880 ceperant;·simul
920 2803 953 2870 et
966 2795 1061 2860 miso

76 2881 164 2944 ratio
180 2901 236 2944 eos
250 2880 386 2945 infantis
400 2880 543 2961 tenebat,
561 2900 669 2967 quem,
686 2882 714 2944 si
729 2881 807 2945 victi
822 2881 944 2963 forent,
961 2881 1061 2964 capti·

76 2987 160 3030 vum
191 2965 326 3051 derogo
354 2965 474 3030 facturi
515 2959 723 3032 ridebantur.
772 2965 929 3032 Conserto
958 2965 1062 3051 igitur

76 3049 216 3199 qroeliq
232 3071 356 3151 magna
370 3050 470 3115 caede
484 3049 618 3134 Illyrios
634 3051 765 3134 fudere,
781 3050 1062 3135 ostenderuntque

103 3134 231 3200 ontibus
250 3157 336 3218 suro,
359 3137 469 3222 priore
490 3135 580 3202 bello
595 3141 707 3220 regem
721 3136 977 3216 Macedonibus,
993 3156 1060 3198 non

77 3223 236 3284 virtutem
252 3219 410 3289 aetnam
423 3220 522 3286 «Huic
533 3221 696 3308 Amyntas
711 3222 868 3304 succedit,
885 3231 916 3286 et
926 3220 1089 3308 propriuss

77 3307 204 3371 virtute
233 3306 476 3372 et'Alexcndri
501 3306 562 3372 filii
586 3309 723 3392 egregia
747 3305 862 3372 indole
887 3305 1062 3390 insigniter

79 3390 206 3475 clarus3
226 3393 283 3458 cui
304 3391 496 3458 Alexandro
516 3401 608 3458 tenta
630 3393 953 3457 omnium.virtutum
968 3413 1062 3458 orna·

78 3486 192 3542 menta
212 3478 386 3560 exstitere,
408 3486 446 3542 ut
467 3479 565 3543 etiam
587 3477 745 3564 Olympio
768 3478 945 3542 certamine
967 3478 1061 3544 varin

76 3563 285 3628 ludicrorum
301 3585 422 3648 genere
437 3563 653 3629 contenderit.
764 3589 767 3594 ¹
888 3587 891 3592 ·
