2666 4246
246 322 303 382 116
533 321 673 374 JUSTlNl
691 321 940 374 HISTORIARUM

247 475 324 540 dere
346 473 389 538 ad
403 473 563 558 Antigoni
586 480 692 536 caetra
707 472 823 556 coepit.
869 469 1027 557 Sequitur
1049 470 1222 549 exercitus,

245 559 376 645 prodito
398 560 594 643 imperatore
618 577 678 621 sno
694 557 812 640 etipse
828 558 991 640 captivus,
1007 554 1224 640 triumphum·

248 667 312 731 que
335 645 376 708 de
399 667 434 708 se
455 645 527 728 ipso
550 641 594 708 ad
607 642 741 705 victoris
756 642 807 704 sui
824 651 933 704 castra
947 641 1047 720 ducit,
1063 649 1110 703 tot
1123 639 1225 704 bello·
1308 645 1309 710 l

247 753 320 794 rum
341 729 469 816 palmas
492 728 688 813 laureasque
703 747 771 790 una
785 747 897 790 secum
912 727 1030 790 victori
1044 725 1225 806 tradentes3
1308 729 1309 732 ’

249 823 281 882 et
291 837 334 879 ne
350 814 431 914 quid
446 813 574 879 deesset
588 833 739 897 pompae,
756 810 924 894 elephanti
940 833 1072 897 quoque
1088 820 1120 874 et
1133 810 1226 874 auxi-

199 899 294 966 151ia
309 898 493 966 Omentalia
504 897 761 984 subsequuntur.
791 897 981 980 Antigonus
994 896 1113 960 deinde
1125 895 1226 960 domi-

249 995 335 1048 tores
351 985 426 1047 illos
443 982 531 1046 orbis
546 982 706 1046 exercitui
720 981 925 1064 suodividit3
945 981 1130 1046 Eumenem
1148 1002 1226 1044 vero
1309 1035 1310 1062 3

249 1072 284 1134 in
301 1078 513 1155 conspectum
529 1091 625 1131 suum
641 1069 755 1131 venire
770 1067 972 1130 verecundia
986 1067 1106 1152 prioris
1117 1066 1227 1130 amici-

250 1157 316 1219 tiae
330 1153 534 1240 prohibitum
550 1151 690 1216 interfici
699 1152 810 1238 jussit.

257 1420 261 1437 .
331 1389 478 1445 aaran
496 1388 527 1442 a
545 1307 755 1458 conuelli
766 1308 941 1458 dymante
959 1388 1148 1449 narentur.

203 1505 242 1561 16
316 1492 450 1558 Interea
462 1491 640 1576 Eurydice,
657 1513 743 1556 uxor
757 1491 893 1556 Aridaei
908 1492 1006 1576 regis,
1022 1500 1060 1554 ut
1073 1491 1231 1577 Polyper·

253 1577 374 1642 chonta
395 1600 417 1640 a
432 1577 573 1641 Graecia
594 1577 702 1644 redire
718 1579 754 1642 in
769 1576 998 1642 Macedoniarn
1014 1578 1185 1661 cognovit,
1199 1587 1233 1641 et

252 1663 294 1728 ab
311 1685 349 1727 eo
364 1663 553 1727 arcessitam
569 1684 640 1726 csse
655 1662 903 1748 Olympiadem,
919 1661 1073 1726 muliebri
1089 1661 1231 1727 aemula-

252 1751 341 1813 tione
361 1747 528 1832 pereulsa,
546 1746 685 1814 abutens
708 1747 899 1812 valetudine
919 1749 997 1827 viri,
1014 1749 1109 1834 cujus
1125 1747 1232 1812 officia

253 1834 317 1900 sibi
337 1831 548 1912 vindicabat,
571 1833 686 1896 scribit
700 1833 787 1918 regis
804 1833 938 1898 nomine
957 1831 1230 1918 Polyperchonti:
1311 1837 1312 1876 ³

255 1927 431 1986 Cassandro
448 1927 615 1984 exercitum
632 1926 752 1996 tradat,
770 1927 802 1983 in
818 1941 906 1998 quem
921 1927 1013 1997 repat
1028 1925 1231 1986 administra-

254 2014 366 2070 tionem
382 2027 441 2068 rea
456 2011 656 2070 transtulerit.
696 2003 822 2068 Eadem
838 2005 918 2067 etin
935 2004 1048 2070 Asiam
1064 2004 1233 2087 Antigono

254 2110 314 2175 per
330 2087 483 2173 epistolas
498 2089 645 2152 nunciat.
683 2087 757 2167 Quo
773 2088 934 2154 beneficio
950 2089 1139 2168 devinctus,
1158 2089 1235 2154 Oas-

256 2172 376 2236 sandcr
391 2171 475 2236 nihil
490 2194 556 2236 non
573 2195 616 2238 ex
630 2171 764 2238 arbitrio
780 2173 951 2240 muliebris
966 2173 1124 2238 audaciae
1140 2176 1234 2255 gerit

206 2256 387 2325 17Deinde
409 2257 574 2342 profectus
595 2259 631 2322 in
647 2258 821 2324 Graeciam
837 2259 948 2324 multis
964 2259 1154 2324 civitatibus
1169 2259 1236 2324 bel·
1312 2301 1313 2336 ,

256 2343 326 2407 lum
341 2342 449 2406 infert.
495 2342 643 2424 Quarum
659 2345 789 2408 excidio
806 2345 918 2426 territi,
934 2344 1088 2431 Spartani
1104 2343 1234 2425 urbem,
1312 2353 1313 2358 ’

256 2451 356 2516 quam
372 2450 501 2515 semper
516 2429 625 2509 armis,
640 2452 707 2492 non
723 2431 825 2494 muris
838 2429 1061 2509 defenderant,
1077 2438 1148 2496 tum
1160 2451 1237 2494 con·

254 2523 307 2580 tra
331 2537 489 2602 responsa
513 2514 655 2581 fatorum
678 2525 710 2578 ct
734 2524 881 2580 veterem
905 2516 1068 2601 majorum
1094 2515 1236 2598 gloriam

207 2609 246 2672 18
256 2620 427 2670 murorum
442 2599 607 2684 praesidio
622 2599 807 2667 includunt
821 2637 861 2650 -·-
878 2601 967 2668 Dum
983 2601 1065 2664 haec
1081 2612 1238 2684 aguntur,

257 2684 480 2750 Cassandrum
507 2685 659 2750 turbatus
681 2685 896 2754 Macedoniae
926 2695 1029 2750 status
1052 2707 1073 2748 a
1094 2686 1239 2750 Graecia

257 2769 390 2834 domum
405 2771 583 2834 revocavit
606 2769 758 2856 Namque
773 2771 873 2855 Olym
895 2772 956 2850 ias,
972 2779 1077 2834 mater
1091 2770 1239 2834 Alexan-

258 2854 309 2920 dri
324 2856 422 2938 regis,
438 2878 541 2941 quum
557 2877 599 2920 ex
612 2856 712 2942 Epiro
725 2858 759 2920 in
771 2794 1000 2922 Macedoniam
1012 2856 1150 2936 veniret,
1167 2856 1239 2921 fini-

257 2939 386 3026 busque
413 2941 454 3004 ab
477 2941 651 3026 Eurydice
674 2952 705 3006 et
726 2941 870 3008 Aridaeo
896 2964 974 3026 rege
997 2940 1238 3025 prohiberetur,

256 3023 466 3107 Macedones,
482 3049 541 3090 seu
553 3029 711 3092 memoria
722 3028 793 3112 ejus
805 3028 924 3109 mariti,
937 3049 996 3090 seu
1007 3027 1239 3110 magnitudine

257 3111 318 3175 filii
334 3120 366 3175 et
380 3112 578 3198 indignitate
592 3113 641 3176 rei
655 3114 745 3194 moti,
762 3113 803 3176 ad
817 3111 1050 3199 Olympiadem
1065 3114 1238 3195 transiere,

257 3199 351 3284 cujus
381 3198 470 3264 'ussn
495 3208 527 3264 et
547 3198 715 3282 Eurydice
743 3208 776 3264 et
797 3221 857 3263 rex
880 3197 1040 3263 occiditur
1061 3219 1121 3262 sex
1142 3200 1239 3263 annis

117 3291 190 3350 316.
257 3292 331 3366 post
344 3283 375 3347 A
390 3283 529 3350 exandri
544 3283 679 3349 obitum.
