2666 4246
529 321 667 374 Jusrnu
686 321 933 376 fflsroulsaun

676 474 801 528 crus.
866 505 910 553 Ι,

511 556 622 613 malchi
638 557 671 612 ln
689 556 784 612 fillum
802 557 961 616 severitas·

198 647 237 706 23
312 641 427 727 Itaque
458 643 583 707 aversis
612 651 703 706 tanto
733 641 857 706 scelere
882 643 1093 721 numinibus,
1124 667 1233 732 quum

247 725 371 792 bellum
395 749 437 790 ex
452 725 581 807 Sicilia,
603 725 661 790 ubi
684 726 741 792 diu
760 724 901 792 feliciter
916 720 1171 810 dimicaverant,
1194 731 1231 794 in

247 811 435 878 Sardiniam
464 811 727 892 transtulissent,
757 812 880 876 amissa
907 813 1031 900 majore
1061 815 1232 879 exercitus

272 907 351 976 arte,
364 897 457 982 gravi
469 895 593 980 proelio
606 896 685 960 victi
696 906 782 962 sunt.
809 897 987 982 Propterea
998 898 1118 963 ducem
1130 921 1232 964 suum

248 921 428 1062 llalchum,
436 982 531 1068 cujus
539 980 695 1067 auspiciis
707 979 878 1046 etSiciliae
885 992 1012 1068 partem
1021 982 1233 1064 domuerant,

249 1077 283 1132 et
302 1066 461 1132 adversus
475 1067 573 1130 Afros
595 1086 733 1150 magnas
753 1088 806 1130 res
829 1077 1015 1151 gesserant,
1037 1078 1234 1152 camparte
1316 1081 1317 1150 ζ

199 1159 239 1216 24
250 1151 423 1233 exercitus,
436 1171 521 1236 quae
530 1151 747 1236 superfuerat,
760 1152 913 1216 exsulare
923 1153 1097 1218 'usserunt
1118 1152 1232 1234 Quam
1316 1185 1317 1196 ἢ

249 1259 318 1302 rem
338 1258 436 1321 aegre
455 1236 596 1301 ferentes
615 1234 736 1300 milites
757 1235 882 1320 legatos
926 1237 1133 1323 arthaginem
1156 1240 1235 1303 mit·

249 1329 338 1403 tunt,
359 1322 417 1406 qui
431 1321 574 1386 reditum
594 1322 701 1406 primo
716 1323 915 1408 veniamque
934 1322 1076 1388 infelicis
1090 1322 1235 1388 militiae

249 1414 371 1492 petant,
387 1416 457 1470 tum
469 1405 679 1482 denuncient,
696 1413 938 1492 quodprccibus
948 1423 1113 1488 nequeant,
1130 1417 1234 1474 armis

156 1555 161 1570 ,
249 1515 284 1558 se
299 1504 522 1556 consecuturos
543 1513 620 1556 esse.
659 1490 770 1570 Quum
785 1501 818 1555 et
832 1514 946 1577 preces
962 1501 995 1558 et
1014 1493 1125 1556 minae
1140 1493 1232 1578 lega·
1317 1505 1318 1548 ἰ

249 1586 358 1642 torum
385 1585 515 1661 spretae
540 1584 664 1654 essent,
690 1575 869 1663 interjectis
895 1576 1011 1642 diebus
1038 1578 1233 1644 conscensis

250 1661 403 1742 navibus,
419 1661 535 1725 armati
551 1659 592 1724 ad
608 1659 723 1725 urbem
739 1661 892 1746 veniunt5
908 1661 955 1726 ibi
971 1661 1049 1728 deos
1064 1662 1231 1728 homines-

252 1769 316 1834 que
331 1747 441 1812 testati
456 1755 547 1810 sunt:
569 1768 632 1810 non
647 1769 682 1810 se
697 1759 921 1826 expupnutum,
936 1755 996 1812 sed
1010 1763 1231 1827 recuperatum

244 1841 386 1914 putrium
401 1839 513 1911 venie,
530 1842 770 1910 ostensurosque
785 1837 904 1897 civibus
917 1840 994 1912 ruis,
1009 1855 1072 1897 non
1088 1841 1231 1898 uirtutem

250 1925 313 1984 sibi
325 1927 441 1999 priore
455 1924 549 1994 bello,
571 1923 630 1981 red
645 1922 807 1994 fortunam
822 1924 980 1996 defuisse;
1007 1927 1041 1982 et
1053 1917 1232 2004 prohibitis

252 2001 489 2068 commeatibus
509 1999 707 2088 obsessaque
728 1999 827 2082 urbe,
850 2002 886 2065 in
901 2024 1063 2068 summam
1079 2001 1232 2089 despera·

202 2097 241 2156 25
251 2089 374 2153 tionem
391 2087 679 2172 Carthaginienses
695 2085 916 2152 adduxerunt.
943 2087 1075 2153 Interea
1086 2086 1232 2168 Cartalo,

251 2171 376 2237 Malchi
390 2171 515 2236 exsulis
531 2171 624 2236 ducis
639 2169 738 2253 filius,
754 2193 855 2260 quum
868 2181 998 2257 praeter
1008 2181 1116 2238 castra
1126 2173 1231 2259 patris
1319 2237 1320 2252 ,

252 2280 273 2322 a
288 2256 394 2342 Tyro,
418 2277 484 2343 quo
506 2256 651 2322 decimas
665 2256 821 2322 Herculis
842 2257 929 2322 ferre
950 2279 993 2322 ex
1012 2256 1136 2344 praeda
1149 2257 1233 2324 Sici·

253 2343 351 2407 liensi
365 2364 385 2405 a
400 2341 729 2427 Carthaginiensibus
743 2343 863 2407 missus
878 2342 994 2424 fuerat,
1009 2352 1233 2410 reverteretur

253 2429 495 2514 arcessitusque
515 2435 601 2492 esset
615 2450 636 2490 a
654 2439 763 2514 patre,
780 2437 875 2508 prius
888 2435 1042 2508 publicae
1064 2436 1234 2508 relipionis

254 2519 364 2594 officia
389 2535 424 2577 re
454 2526 665 2578 exsecuturum
695 2536 781 2591 erse,
812 2535 903 2592 quam
925 2522 1076 2594 privatae
1098 2522 1235 2592 pietatis

253 2598 431 2684 respoudit.
468 2598 576 2678 Quam
592 2619 662 2661 rem
684 2598 745 2662 etsi
759 2597 897 2684 indigne
918 2599 1018 2664 ferret
1031 2608 1137 2683 pater,
1162 2620 1233 2664 non

204 2691 363 2751 aeramen
391 2684 460 2747 vim
489 2682 605 2748 afferre
633 2682 787 2768 religioni
815 2705 916 2748 ausus
943 2693 1000 2748 est.
1044 2683 1234 2770 interjectis

253 2768 374 2834 deinde
401 2767 517 2832 diebus
543 2766 690 2848 (lanterio,
716 2769 819 2854 petito
844 2777 1029 2832 commeatu
1050 2790 1072 2832 a
1094 2768 1233 2854 populo,

254 2876 357 2940 quum
380 2853 423 2918 ad
442 2861 570 2938 patrem
590 2875 741 2918 reversus
761 2863 846 2918 esset
859 2862 1061 2939 ornatusque
1081 2875 1233 2938 purpura

253 2947 287 3003 et
301 2937 414 3004 infulis
429 2937 605 3003 sacerdotii
619 2939 766 3002 omnium
783 2959 818 3002 se
833 2937 938 3002 oculis
952 2939 1134 3024 ingereret,
1148 2947 1233 3003 tunc

253 3027 288 3090 in
304 3032 466 3090 secretum
483 3022 625 3088 abducto
640 3031 734 3107 pater
748 3024 807 3087 ait:
823 3030 965 3088 Ancurae
975 3047 1018 3103 es,
1033 3031 1232 3103 nefandissi·

227 3159 232 3170 .
253 3132 332 3176 mam
348 3123 450 3190 caput,
467 3117 529 3174 ista
540 3129 685 3188 purpura
699 3121 730 3172 et
744 3130 824 3174 auro
841 3122 969 3174 omniur
983 3117 1016 3174 in
1031 3123 1232 3188 compactum

254 3209 298 3261 tot
323 3204 504 3261 miscrorum
530 3197 641 3260 civium
669 3201 794 3258 venire?
826 3205 856 3258 et
880 3207 999 3260 maesta
1024 3215 1064 3258 cc
1089 3201 1231 3274 ingenua

254 3294 378 3360 castra,
405 3285 688 3359 circumfluentibus
710 3286 834 3358 quietae
855 3285 1020 3357 felicitatis
1043 3285 1230 3358 lusionibus,

254 3374 334 3432 uelut
353 3371 597 3432 excubabundus
616 3371 757 3429 intrare?
789 3369 987 3444 Nusquamne
1005 3376 1035 3430 te
1050 3369 1231 3430 clitarchus

246 3458 375 3530 jactare
383 3459 538 3532 potuisti?
560 3456 665 3514 Nullus
680 3456 768 3514 Iocus
784 3458 989 3530 aptiorquum
1003 3455 1115 3514 sordes
1123 3458 1231 3532 parma

255 3549 285 3600 et
299 3543 405 3602 exsilii
419 3542 556 3614 infelicis
572 3555 741 3600 aerumnae
752 3542 903 3614 sumunt?
924 3540 1018 3616 Quid,
1035 3535 1230 3614 qnodpdulo
