2678 4246
244 325 281 386 66
523 329 663 381 vaml
678 329 928 382 mammon

242 481 394 546 civitatee
413 480 456 544 ad
470 480 581 546 hostes
595 481 788 561 deficerent,
810 480 988 546 decernere
1002 483 1117 546 navali
1130 504 1233 569 proe-

242 566 287 628 lin
302 566 425 646 statuit,
440 587 588 650 sperans,
603 565 732 632 cladem
746 568 783 629 in
795 566 938 630 Graecia
950 577 1121 651 acceptam
1133 591 1233 634 nova

191 663 231 722 29
242 652 380 716 victoria
389 673 487 738 posse
497 650 632 715 aboleri.
654 651 792 714 'liadita
800 652 904 736 igitur
911 651 1095 716 Hannibali
1105 652 1233 734 classe,

241 736 404 822 proelium
419 737 644 800 committitur.
675 735 742 801 Sed
756 757 819 800 nec
833 736 952 800 Asiani
965 736 1088 802 milites
1103 737 1231 802 Roma-

242 823 303 904 nis,
318 844 427 907 neque
441 843 544 886 naves
559 843 673 886 eorum
687 843 784 906 pares
796 822 945 886 rostatis
954 823 1098 888 navibus
1110 823 1234 906 fuere3

242 909 350 971 minor
363 917 475 970 tamen
490 905 603 970 clades
618 907 713 971 ducis
728 904 874 972 sollertia
887 907 960 971 suit

457 1144 620 1200 Antiochus
638 1061 727 1214 pcaeAid
740 1061 826 1211 lvelglee
843 1145 995 1214 repudiat.

189 1259 231 1318 30
302 1247 442 1312 Romam
463 1248 613 1314 nondum
634 1249 747 1334 opinio
766 1249 925 1312 victoriae
946 1257 1096 1330 venerat,
1120 1255 1152 1312 et
1172 1249 1233 1313 id-

240 1333 327 1396 circo
356 1334 390 1395 in
417 1333 610 1398 consulibua
635 1331 787 1396 creandis
812 1355 973 1419 suspensa
997 1335 1111 1398 civitae
1138 1344 1232 1401 erat.

239 1416 306 1480 Sed
328 1417 487 1482 adversus
501 1418 725 1482 Hannibalem
749 1417 866 1482 ducem
889 1420 964 1504 quia
985 1419 1103 1482 melior
1117 1441 1230 1504 quam

239 1503 388 1566 Afiicani
407 1504 507 1567 frater
526 1513 701 1584 crearetur,
725 1525 828 1590 quum
843 1504 976 1568 vincere
990 1503 1118 1568 Poenos
1134 1526 1232 1590 opus

239 1588 431 1674 Scipionum
443 1589 551 1654 esset?
574 1589 714 1655 Creator
722 1589 826 1674 igitur
837 1589 953 1653 consul
962 1588 1231 1675 LuciusScipio,

238 1674 453 1824 teleta
466 1673 1232 1826 teu-tteetteutittttm

116 1885 124 1904 ,
238 1846 340 1926 victo,
370 1782 470 1930 qllddm
496 1783 663 1910 Romadoa
690 1845 727 1908 in
752 1845 878 1908 victore
902 1843 1057 1928 Scipione
1082 1843 1229 1910 habere.

188 1944 227 2001 31
238 1931 496 2018 Trajicientibus
517 1931 553 1995 in
574 1930 691 1994 Asiam
712 1928 929 2014 Scipionibus
943 1931 1126 1998 exercitum
1142 1930 1228 2016 jam

238 2015 415 2101 utrobique
429 2015 641 2102 profligatum
657 2015 781 2080 bellum
798 2015 993 2081 nunciatum
1004 2026 1063 2094 est,
1077 2016 1231 2080 victum-

238 2121 304 2186 que
326 2101 527 2166 Antiochum
550 2101 712 2181 terrestri,
739 2100 963 2167 Hannibalem
988 2099 1100 2166 navali
1123 2098 1226 2166 bello

236 2187 446 2250 invenerunt
499 2186 613 2251 Primo
640 2187 744 2270 igitur
772 2185 917 2250 adventu
944 2207 1060 2252 eorum
1087 2185 1227 2270 legatos

237 2291 353 2356 pacem
381 2280 530 2355 petentes
557 2271 601 2335 ad
622 2291 677 2336 eos
698 2271 884 2336 Antiochus
906 2271 1022 2352 mittit,
1047 2270 1227 2356 peculiare

238 2356 361 2421 donum
381 2357 539 2422 Aliicano
566 2356 710 2420 ferentes
738 2357 843 2442 ipsius
872 2355 996 2436 filium,
1025 2377 1123 2442 quem
1153 2378 1228 2420 rex

187 2455 339 2529 eoparvo
362 2443 498 2528 navigio
518 2443 737 2528 trajicientem
758 2451 900 2526 ceperat
944 2439 1011 2506 Sed
1028 2441 1226 2524 Africanus,

230 2537 361 2608 privata
385 2535 538 2606 beneficia
560 2551 581 2591 a
603 2533 695 2592 rebus
709 2534 850 2606 publicis
869 2543 991 2592 secreta
1014 2549 1096 2605 ecee,
1118 2525 1225 2611 dixit,

237 2622 365 2695 alioque
379 2637 450 2679 esee
458 2621 567 2694 patris
582 2619 704 2692 officio,
728 2620 794 2678 otia
805 2619 1032 2691 patrtuejure,
1056 2634 1137 2693 quae
1151 2635 1226 2680 non

237 2705 347 2766 liberis
368 2711 501 2777 tantum,
531 2720 633 2766 verum
663 2706 757 2764 ettam
783 2707 866 2764 vitae
887 2705 951 2777 ipsi
967 2709 1225 2777 praeponuntur.

237 2791 373 2850 Proinde
385 2795 507 2863 pratum
521 2806 680 2850 ecmonus
695 2792 848 2862 accipere,
858 2791 1047 2863 privatoque
1057 2789 1224 2862 impendio

236 2876 467 2946 munificentiae
488 2877 573 2950 repre
594 2891 823 2948 responsurum.
867 2873 959 2944 Ouod
973 2875 1018 2932 od
1030 2875 1139 2934 tellum
1147 2890 1224 2947 pa-

236 2975 362 3035 cemque
378 2963 555 3034 pertineat,
577 2961 659 3019 nihil
678 2977 779 3034 neque
796 2961 926 3034 cratiae
948 2960 1031 3033 dari,
1054 2975 1154 3034 neque
1174 2961 1225 3020 dc

227 3047 361 3121 patriae
374 3047 453 3120 jure
474 3046 580 3108 decidi
593 3061 704 3120 posse,
725 3037 904 3124 respondit
948 3037 1035 3109 Nan
1048 3059 1157 3125 neque
1172 3037 1223 3106 de

234 3125 427 3192 redimendo
442 3125 512 3192 filio
527 3147 583 3190 um
608 3145 684 3189 uam
699 3124 860 3206 tractavit,
876 3144 938 3188 nec
952 3131 1103 3190 senatum
1117 3122 1160 3188 de
1174 3145 1222 3190 eo
1277 3167 1281 3174 ·

235 3234 335 3298 agere
356 3211 520 3298 permisit,
543 3147 613 3292 sed,
634 3217 673 3274 ut
694 3208 833 3296 dignum
853 3209 1025 3296 majestate
1047 3210 1118 3296 ejus
1132 3220 1221 3293 erat,

184 3307 224 3366 33
235 3305 333 3364 armis
354 3320 389 3364 ee
410 3309 603 3377 recepturum
622 3302 722 3372 filium
744 3295 887 3360 dixerat
926 3295 1006 3360 Post
1023 3293 1222 3380 haecleges

233 3382 327 3469 pacis
354 3382 527 3448 dicuntur:
558 3393 592 3452 ut
612 3387 690 3448 Astu
711 3385 865 3446 Romanis
892 3387 1030 3459 cederet,
1053 3393 1221 3448 contentus

234 3473 351 3550 Suriae
372 3489 468 3549 repno
492 3481 581 3547 esset,
604 3487 701 3533 noves
715 3474 887 3544 universas,
910 3473 1051 3546 captivos
1066 3478 1096 3532 et
1109 3477 1219 3532 tmus-

231 3559 330 3634 swas
344 3559 489 3632 traderet,
504 3564 717 3632 sumptumque
732 3571 851 3617 omnem
866 3557 939 3618 belli
952 3556 1106 3619 Romane
1119 3559 1218 3618 testi·
