2666 4246
498 325 616 386 ,LIBER
631 325 702 377 m.
1034 323 1089 384 131
1128 339 1130 346 ‘

117 477 304 542 Fabricius·
318 477 482 558 Luscinus
506 478 624 542 missus
645 500 761 564 paoem
777 500 851 542 oum
866 477 993 564 Pyrrho
1008 499 1092 543 oom-
1146 521 1147 526 κ

112 565 240 650 posuit.
267 562 321 628 Ad
336 585 434 649 quam
447 562 702 628 confirmandam
714 563 853 650 Cyneas‚
865 563 1001 629 Romam
1017 585 1090 628 oum

115 648 310 734 ingentibus
324 648 417 713 donis
432 671 452 712 a
462 647 589 732 Pyrrho
600 650 729 732 missus,
740 651 916 732 neminem,
929 651 1022 738 eujus
1038 650 1091 714 do

115 757 193 800 mus
218 734 409 798 muneribus
455 743 569 814 uteret,
584 735 720 799 in'venit.
764 735 851 800 Huic
872 737 1140 803 continentiae17

115 821 342 900 Romanorum
358 757 464 884 simiie
486 819 673 906 exemplum
688 821 804 888 iisdem
823 821 926 886 ferme
941 823 1091 908 tempori-

115 907 182 972 bus
204 907 274 973 fuit.
317 905 402 970 Nam
419 905 520 970 'misai
543 927 562 968 a
584 915 698 970 senatu
719 907 754 970 in
773 907 962 994 Aegyptum
979 907 1125 994 legati„⁴

115 1015 223 1078 quum
244 993 393 1077 ingentia
415 989 478 1055 sibi
500 1013 521 1055 a
534 990 721 1056 Ptolemaeo
742 1014 820 1078 rege
840 995 940 1058 missa
953 1015 1092 1058 munera

23 1107 44 1126 ·-
116 1079 330 1164 sprevissent,
339 1077 521 1164 interjectis.
529 1075 645 1141 diebus
657 1077 698 1140 ad
711 1097 844 1143 coenam
862 1088 938 1146 sunt
951 1081 1090 1160 invitati,

115 1164 226 1248 iisque
243 1185 361 1228 aureae
376 1184 514 1226 coronae
533 1163 652 1226 missae
668 1173 760 1246 sunt,
788 1187 868 1250 quas
888 1165 938 1229 illi
957 1164 1090 1229 honoris

111 1265 221 1313 'eausa
234 1259 382 1336 receptas
405 1254 536 1333 postera
555 1248 607 1312 die
623 1251 736 1313 statuis
751 1252 838 1335 regis
853 1251 1089 1336 imposuerunt.

118 1334 251 1420 Cyneas
265 1335 375 1420 igitur,
392 1356 493 1419 quum
509 1334 671 1398 turbatam
690 1357 760 1400 esse
776 1358 851 1400 eum
865 1336 1024 1401 Romanis
1035 1359 1090 1422 pa·
1101 1347 1139 1403 18

113 1429 192 1483 'cem
214 1420 256 1484 ab
269 1421 381 1506 Appio
404 1419 543 1496 Claudio
565 1422 803 1502 renunciasset,
830 1423 1048 1508 interrogatus
1071 1443 1105 1486 a·

117 1505 264 1591 Pyrrho,
285 1505 391 1592 qualis
406 1505 621 1584 Romaesset,
647 1507 832 1593 respondit,
858 1527 974 1589 regrum
987 1517 1089 1574 urbem

117 1601 181 1656 sibi
197 1600 303 1657 visum.
332 1592 409 1655 Post
428 1591 509 1655 haee
530 1592 630 1676 legati
642 1593 828 1658 Siculorum
844 1596 1090 1679 superveniunt,
1101 1603 1139 1660 19

117 1676 284 1741 tradentes
298 1677 425 1762 Pyrrho
436 1677 681 1743 'totius'insulae
702 1680 890 1766 imperium',
912 1703 996 1766 quae
1013 1681 1089 1744 assi-

118 1762 193 1826 duis
204 1757 537 1847 -'Oarthaginiensium
560 1763 656 1828 bellis
675 1765 866 1830 vexabatur.
903 1765 1018 1853 Itaque
1040 1787 1089 1828 re·

117 1847 200 1926 licto
213 1848 325 1914 Locris
340 1848 529 1912 Alexandro
544 1849 623 1930 filio,
642 1849 846 1937 'firmatisque
865 1853 1027 1916 sociorum
1047 1851 1099 1914 ei·

118 1933 276 1998 vitatibus
290 1933 400 2004 ¹ualido
416 1935 595 2020 praesidio,
611 1937 646 1999 in
661 1935 808 2000 Siciliam
831 1938 1011 2001 exereitum
1027 1945 1089 2000 tra-

112 2019 204 2106 jecit
253 2053 256 2057 ·
319 2027 348 2048 ’·
738 2053 740 2058 ·
972 2057 974 2062 ·

130 3581 135 3592 ”
190 3581 299 3634 breodun„
307 3582 470 3637 impresserunt
483 3569 504 3623 C.
515 3581 536 3622 C.
547 3581 688 3623 Meinholdua
702 3589 724 3623 et
737 3581 789 3634 filii,
803 3585 938 3646 typographi
951 3583 1048 3628 aulici.¹
1108 3621 1109 3624 ,
1168 3604 1170 3609 ·

6 3549 9 3634 t

6 3641 8 3710 t
