2678 4246
459 367 568 419 LIBER
585 365 736 420 xxxvm.
1030 365 1088 426 115

110 518 247 586 Parthia
266 518 396 604 refugit.
442 518 517 600 Qua
536 518 674 584 victoria
692 519 887 584 insolentior
905 517 1089 584 Phrahates
1099 525 1140 586 60

110 605 274 685 redditus,
301 627 402 692 quum
425 604 531 669 multa
550 603 728 669 crudeliter
749 603 950 683 consuleret,
975 606 1011 668 in
1034 626 1089 668 ex·
1250 677 1253 687 ἱ

111 691 222 756 silium
252 713 274 756 a
300 689 424 776 populo
460 711 520 756 suo
554 689 697 776 pellitur.
742 689 859 776 Itaque
894 711 996 775 quum
1031 690 1089 754 diu
1153 741 1156 746 .

109 777 269 845 finitimas
298 775 445 840 civitates
472 776 515 839 ad
539 788 741 864 postremum
767 775 905 925 Septhas
934 774 1089 863 precibus

111 863 299 945 fatigasset,
328 861 371 927 So
396 860 525 926 tharum
557 863 701 925 maxime
730 862 810 926 auxi
823 863 855 926 io
885 884 919 926 1n
949 881 1089 924 renum

111 948 304 1014 restituitur.
381 969 420 1011 oo
454 946 588 1011 absente
617 946 732 1012 Parthi
765 969 876 1033 regem
908 883 1137 1012 Tiridatemtil

135 1033 277 1099 uendam
306 1033 563 1116 constituerant3
594 1033 671 1119 qui,
702 1032 813 1098 audito
840 1031 985 1097 adventu
1011 1032 1088 1116 Sey·

112 1129 126 1184 t
151 1141 261 1200 arum,
288 1140 363 1183 oum
385 1140 506 1219 magna
526 1119 705 1183 amicorum
728 1141 829 1184 manu
851 1119 892 1182 ad
915 1118 1088 1184 Caesarem

110 1205 319 1290 Augustum,
343 1204 379 1267 in
406 1205 568 1288 Hispania
593 1202 719 1267 bellum
746 1215 826 1268 tuno
851 1205 1009 1290 temporis
1036 1225 1089 1288 ge-

111 1301 256 1372 rentem,
279 1290 442 1375 profugit,
465 1288 611 1354 obsidem
632 1289 767 1354 Caesari
789 1291 962 1353 minimum
982 1289 1089 1354 filium

111 1375 287 1456 Phrahatis
306 1375 430 1456 ferens,
456 1397 554 1460 quern
577 1375 800 1460 negligentius
823 1376 1019 1440 custoditum
1041 1397 1090 1439 ra·

113 1472 238 1549 puerat.
284 1461 358 1542 Quo
383 1463 531 1546 cognito,
554 1461 736 1526 Phrahates
762 1459 887 1546 legatos
913 1463 1021 1526 statim
1048 1459 1139 1528 ador

114 1554 288 1614 Caesarem
310 1547 424 1626 mittit,
450 1556 482 1611 et
503 1570 623 1612 servam
646 1571 733 1612 surum
758 1553 924 1614 Tiridatem
947 1561 977 1612 et
992 1554 1090 1624 filium

111 1641 177 1699 sibi
191 1641 318 1709 remitti,
341 1632 494 1716 postulat.
531 1632 667 1712 Caesar,
689 1643 722 1698 et
735 1633 900 1718 legatione
915 1629 1090 1696 Phrahatis

113 1719 229 1784 audita
243 1727 275 1782 et
290 1718 448 1783 Tiridatis
470 1718 642 1802 postulatis
665 1719 820 1802 cognitis,
843 1719 949 1805 quiet
969 1719 1090 1802 ipsein

113 1827 254 1889 regnum
276 1805 405 1870 restitui
427 1802 651 1884 desiderabat,
674 1803 775 1884 dixit,
800 1827 899 1886 neque
924 1809 1090 1870 Tiridatem

114 1898 289 1956 dediturum
318 1913 356 1954 se
380 1912 450 1954 esse
474 1895 617 1964 Parthie,
648 1913 748 1970 neque
774 1898 925 1955 adversus
955 1895 1091 1954 Parthos

117 1981 251 2057 tiridati
272 1983 395 2040 unsilia
418 1983 572 2041 datarum.
605 1975 652 2040 Ut
672 1986 782 2039 tamen
804 1985 879 2040 uter
901 1997 943 2040 ue
964 1974 1141 2062 aliquidue

115 2085 135 2126 a
158 2062 299 2128 Caesare
325 2060 505 2126 obtinuisse
531 2058 715 2144 videretur,
742 2070 775 2125 et
799 1998 958 2126 Phrdbati
985 2060 1091 2126 filium

115 2148 186 2212 sine
208 2148 314 2234 pretio
335 2148 474 2227 remisit,
498 2155 531 2211 et
545 2145 698 2226 Tiridati,
723 2147 832 2234 quoad
854 2169 988 2211 manere
1002 2146 1092 2234 apud

114 2233 280 2298 Romanos
294 2232 408 2311 vellet,
430 2231 620 2316 opulentum
638 2243 806 2316 sumptum
820 2232 972 2320 praeberi
981 2234 1091 2320 jussit.

115 2318 195 2383 Post
210 2319 308 2400 haee,
329 2317 422 2382 finito
437 2317 648 2401 Hispaniensi
665 2316 769 2399 bello,
794 2341 895 2405 quum
911 2321 946 2383 in
961 2319 1092 2404 Syriam
1102 2325 1143 2384 64
1168 2325 1219 2387 19.

115 2404 158 2469 ad
180 2403 446 2489 componendum
467 2402 613 2468 Orientis
640 2413 757 2468 statum
782 2406 942 2485 venisset,
969 2415 1092 2468 metum

115 2489 273 2556 Phrahati
295 2490 450 2569 incussit,
473 2510 516 2552 ne
538 2488 662 2553 bellurn
678 2489 831 2554 Parthiae
846 2490 946 2569 vellet
959 2491 1091 2554 inferre.

116 2575 249 2662 Itaque,
277 2586 345 2639 tota
365 2574 501 2639 Parthia
521 2576 643 2662 captivi
665 2595 707 2637 ex
731 2575 907 2640 Crassiano
933 2577 1003 2640 sive
1024 2576 1091 2640 An·
1102 2584 1142 2641 65

117 2663 201 2726 tonii
221 2662 366 2726 exercitu
388 2660 551 2724 recollecti
574 2661 736 2746 signaque
761 2683 836 2726 oum
858 2659 911 2726 his
937 2660 1092 2725 militaria

115 2749 269 2830 Augusto
291 2747 434 2812 remissa.
472 2745 538 2810 Sed
560 2757 592 2810 et
613 2744 673 2809 filii
695 2756 897 2834 nepotesque
917 2746 1091 2812 Phrahatis

117 2832 249 2898 obsides
272 2833 423 2917 Augusto
446 2831 530 2912 dati,
558 2830 699 2916 plusque
721 2832 844 2897 Caesar
864 2833 1091 2919 magnitudine

116 2920 261 2984 nominis
283 2919 334 2983 sui
355 2919 441 3001 feeit,
462 2940 561 3003 quam
577 2916 662 2982 alius
678 2919 857 3004 imperator
871 2922 970 2984 armis
985 2920 1092 2985 fauere

116 3006 285 3092 potuisset.
