2678 4246
134 772 351 870 ROMANI
372 769 843 1005 ORfflSFlllillleRUM
863 772 1060 870 DOMINI

425 1215 571 1292 LIBER
596 1215 768 1292 XXXIV.

101 1309 337 1416 Maoedonia
363 1345 405 1414 et
432 1341 597 1416 Graeoia
622 1342 664 1417 in
678 1343 945 1418 aomanorum
970 1340 1091 1414 dicio·

421 1465 512 1516 nem
538 1444 780 1536 rediguntur.

545 1592 621 1644 om.
638 1585 660 1645 1.
713 1652 715 1660 1

381 1674 506 1733 Initium
524 1675 600 1732 uelli
618 1675 814 1732 Macedonlol.
899 1737 900 1742 η

173 1777 304 1848 Minore
330 1777 465 1864 quidem
487 1799 598 1842 rerum
621 1787 714 1844 motu
740 1777 884 1845 Romani
904 1777 1091 1845 Macedoni·
1123 1787 1140 1844 l

105 1885 203 1944 oum,
233 1885 332 1949 quam
353 1863 518 1930 Punicum
545 1863 671 1932 bellum
700 1871 889 1948 gesserunt,
920 1863 979 1930 sed
1000 1873 1091 1931 tento

106 1949 242 2029 elarius,
263 1957 386 2034 quanto
402 1948 574 2016 nobilitate
589 1949 788 2016 Macedones
803 1947 932 2016 Poenos
947 1958 1092 2016 anteces-

106 2042 243 2098 serunt:
266 2035 394 2120 quiippe
413 2054 515 2121 quum
537 2034 644 2118 gloria
659 2033 805 2102 Orientis
826 2033 951 2116 domiti,
974 2042 1093 2101 tumet

105 2118 244 2184 auxiliis
267 2119 415 2187 omnium
431 2140 548 2204 regum
558 2119 775 2206 juvabuntur.
820 2119 938 2205 Itaque
952 2119 1092 2186 Romani
1123 2130 1142 2186 2

106 2213 140 2270 et
164 2203 312 2288 legiones
332 2203 445 2290 plures
459 2227 598 2271 numero
614 2206 896 2290 conscripserunt,
920 2213 952 2270 et
966 2205 1110 2272 auxilia·

105 2311 126 2353 a
141 2287 330 2372 Masinissa,
345 2311 424 2374 rege
435 2289 666 2372 Numidarum,
683 2292 866 2377 ceterisque
881 2291 978 2356 soniis
990 2292 1093 2356 omni-

106 2375 173 2440 bus
182 2375 383 2457 asciverunt,
397 2375 588 2455 etEumeni,
600 2377 672 2461 regi
679 2375 843 2461 Pergami,
856 2376 1092 2449 denunciatum

106 2469 168 2540 est,
185 2469 223 2524 ut
236 2458 361 2528 belluni
374 2461 511 2526 summis
523 2460 650 2528 viribus
656 2462 800 2548 juvaret
830 2461 949 2526 Perseo
960 2470 1092 2546 praeter
1123 2471 1142 2528 3
1159 2477 1164 2484 “

107 2544 362 2614 Macedonieum
384 2547 528 2613 invictae
551 2546 717 2630 opinionis
738 2546 918 2614 exereitum
934 2546 1091 2610 decennis

105 2629 190 2694 belli
204 2653 278 2694 sum
303 2638 366 2713 tus,
382 2640 510 2716 epatre
544 2639 668 2712 ‚aratua
683 2633 720 2696 in
734 2631 897 2697 thesauris
917 2641 948 2696 et
966 2630 1092 2698 horreis

108 2724 190 2783 erat.
221 2653 507 2796 Quiiusrebusiu
533 2725 617 2796 atus,
630 2715 751 2784 oblitus
762 2717 912 2782 fortunae
924 2724 1092 2802 paternae,

17 2865 20 2892 ,
107 2810 256 2868 veterem
269 2799 456 2872 Alexandri
475 2801 614 2887 gloriam
630 2801 838 2872 considerare
854 2823 930 2866 suos
939 2801 1091 2889 jubebat

107 2887 223 2956 Prima
245 2887 393 2972 equitum
417 2887 606 2972 congressio
627 2886 705 2967 fuit,
738 2909 804 2972 qua
825 2887 931 2954 vietor
951 2887 1091 2952 Perseus
1122 2897 1143 2954 4

108 2993 308 3057 suspensam
335 2973 486 3043 omnium
509 2974 787 3058 exspeotationem
810 2973 845 3040 iu
859 2973 1017 3040 *favorem
1041 2973 1093 3037 sui

108 3059 226 3140 trax-im
249 3058 338 3125 misit
359 3067 470 3126 tamon
493 3057 624 3142 legatos
637 3057 680 3124 ad
695 3057 879 3138 consulem,
903 3058 961 3142 qui
977 3077 1093 3142 paoem

108 3151 270 3228 peterent,
282 3165 393 3228 ,quam
416 3144 502 3228 patri
523 3157 584 3212 suo
598 3142 745 3210 Romani·
762 3143 862 3208 etiam
880 3143 966 3207 vieto
987 3141 1093 3209 dedis-

109 3237 194 3308 sent,
214 3228 382 3312 impensas
396 3227 570 3314 belli'lege
580 3229 661 3294 vieti
676 3237 915 3312 suseepturus..
934 3227 1001 3294 Sed
1018 3247 1092 3291 oon-

109 3313 162 3378 sul
187 3313 247 3380 Sul
271 3314 356 3378 icius
383 3336 450 3379 non
472 3314 583 3378 minus
606 3335 740 3400 graves,
770 3334 869 3399 quam
892 3313 979 3377 victo
1001 3312 1092 3397 leges

110 3400 207 3466 dixit.
285 3421 342 3464 um
357 3399 440 3466 haee
456 3407 610 3484 aguntur,
632 3407 722 3464 metu
737 3407 805 3464 tarn
819 3397 1092 3484 periculosi'belli
1124 3407 1142 3466 5

108 3485 253 3553 Romani
273 3484 455 3553 Aemilium
477 3484 619 3552 Paulum
643 3483 814 3550 consulem
835 3492 964 3564 oreaut,
995 3483 1092 3570 eique

110 3580 206 3638 extra
228 3568 378 3638 ordinem
390 3569 645 3638 Macedonicum
668 3567 794 3637 bellum
815 3569 1010 3651 decernunt3
1033 3567 1093 3655 qui
