2678 4246
486 367 599 420 meu
613 367 738 420 XXXVI.
1062 363 1102 424 85

107 525 248 582 ostenta
269 519 515 604 praedixerant.
558 519 645 584 Nam
668 527 701 584 et
721 541 759 584 eo
765 568 779 601 ,
798 541 864 605 quo
886 521 1021 604 genitus
1042 529 1101 601 eat,
1147 591 1150 596 .

107 625 216 684 anno,
237 613 270 668 et
284 627 333 686 eo,
354 627 420 692 quo
435 627 577 690 regnare
589 607 734 692 primum
751 606 870 691 coepit,
885 603 981 668 atella
996 626 1101 670 eome-

106 697 169 752 tes
181 710 244 775 per
256 698 434 780 utrumque
449 701 580 776 tempus
595 693 806 776 septuaginta
818 687 934 754 didus
945 690 995 754 ita
1003 689 1100 770 luxit,

106 783 156 838 ut
176 773 306 840 coelum
328 797 426 841 omne
447 776 589 862 flagrare
604 775 782 840 videretur.
826 775 914 840 Nam
927 783 961 838 et
973 776 1100 858 magni-

107 859 233 923 tudine
256 870 407 947 quartam
429 871 558 948 partem
573 862 659 926 coeli
672 869 903 947 occupaverat,
925 869 957 924 et
971 860 1101 944 fulgore

110 944 197 1010 solia
220 947 363 1012 nitorem
384 949 519 1029 vicerat,
543 956 576 1012 et
598 969 701 1034 quum
723 947 865 1012 oriretur
879 945 1099 1012 occumberet

110 1050 204 1118 quc,
230 1041 373 1118 quatuor
394 1032 551 1098 horarum
575 1035 719 1120 spatium
741 1030 966 1098 consumebat
1012 1031 1150 1097 Pucr12

108 1125 261 1181 tutorum
276 1118 415 1182 insidiae
431 1141 554 1208 pausus
566 1128 627 1198 cat,
647 1120 796 1204 quicum
810 1118 879 1182 iero
895 1137 982 1202 equo
995 1117 1099 1200 impo-

109 1203 216 1267 situm
246 1204 399 1288 equitare
418 1204 628 1291 jacularique
657 1203 838 1288 cogebant,
872 1203 930 1288 qui
960 1210 1098 1266 conatur

136 1309 219 1352 uum
242 1309 297 1352 eoa
319 1288 523 1370 fefeliiaaent,
546 1309 647 1376 supra
668 1297 811 1354 aetatem
823 1295 959 1372 regente
976 1309 1100 1373 equum

147 1373 314 1455 ithridate,
337 1397 466 1440 veneno
487 1398 563 1439 eum
578 1376 778 1462 appetivere.
824 1373 923 1454 Quod
936 1382 1096 1453 metuens,

109 1458 263 1522 antidota
286 1461 418 1548 saepius
437 1460 532 1542 bibit,
556 1469 588 1524 et
602 1463 647 1524 ita
661 1483 697 1525 se
713 1459 872 1524 adversus
888 1458 1025 1522 insidias
1042 1479 1097 1521 ex-

110 1542 345 1630 quisitioribua
358 1547 514 1612 remediis
532 1547 708 1632 magnarii,
728 1553 765 1610 ut
778 1567 823 1608 ne
833 1543 950 1608 volana
962 1541 1098 1629 quidem

108 1650 213 1693 senex
233 1649 361 1694 veneno
376 1633 462 1695 mori
476 1633 629 1718 potuerit.
675 1629 811 1694 Timone
826 1628 955 1708 deinde,
977 1650 1019 1691 ne
1034 1628 1095 1691 ini·
1105 1637 1146 1714 13

107 1715 200 1795 mici,
248 1713 314 1778 uod
336 1737 466 1782 veneno
488 1739 555 1781 non
577 1725 763 1804 potuerant,
786 1716 872 1778 ferro
886 1722 1093 1800 peragerunt,
1144 1747 1148 1754 ·

107 1737 257 1863 venandi
273 1799 418 1864 studium
434 1802 541 1880 finxit,
565 1823 630 1888 quo
650 1809 850 1888 perceptum
866 1820 970 1862 annos
985 1819 1096 1884 neque

107 1881 215 1966 urbia,
234 1905 344 1972 neque
359 1887 445 1949 ruris
462 1897 547 1951 tecto
562 1909 642 1951 usus
658 1896 715 1966 est,
731 1885 789 1950 sed
804 1907 869 1972 per
879 1885 981 1948 silvas
995 1905 1094 1968 vaga·

105 1979 165 2032 tua
188 1970 328 2035 diversis
348 1973 511 2036 montium
531 1971 722 2057 regionibus
743 1970 974 2058 pernoctabat,
1000 1969 1093 2054 igna-

105 2055 154 2118 ris
176 2055 340 2138 omnibus,
364 2055 485 2144 quibua
507 2067 592 2122 esset
610 2056 702 2139 locis,
726 2064 876 2120 assuetus
892 2057 976 2120 feras
993 2075 1094 2118 cursu

110 2148 170 2204 aut
182 2141 312 2226 fugere,
336 2151 394 2206 aut
406 2145 573 2230 persequi,
597 2165 672 2206 cum
689 2140 887 2230 quibusdam
903 2141 1001 2206 etiam
1015 2140 1093 2204 viri-

106 2225 172 2289 bus
196 2225 367 2312 congredi.
415 2227 544 2308 Quibus
567 2227 667 2292 rebus
690 2237 723 2291 et
743 2227 883 2292 insidias
905 2227 1042 2307 vitavit,
1061 2233 1093 2288 et

108 2331 230 2400 corpus
247 2309 290 2377 ad
305 2333 436 2377 omnem
452 2311 603 2380 laborum
618 2315 814 2400 patientiam
829 2312 970 2378 duravit.

530 2485 607 2536 OAP.
624 2485 672 2537 IV.

108 2559 316 2634 muricatos,
333 2563 453 2634 Scythia
476 2565 615 2636 deuictis,
633 2566 735 2622 Ponto
753 2567 785 2620 ot
803 2565 990 2636 cammada
1007 2579 1093 2621 occa·

249 2633 344 2703 paris,
361 2648 488 2690 uxorem
504 2635 704 2690 inridentem
718 2635 781 2690 ribi
796 2633 959 2690 interficit..

173 2733 229 2799 Ad
250 2737 346 2821 regni
373 2736 492 2801 deinde
519 2736 838 2802 administrationem
861 2759 963 2824 quum
987 2747 1142 2804 acces-14
1157 2745 1232 2807 112.

109 2820 214 2901 uisset,
239 2823 348 2884 statim
370 2844 437 2886 non
454 2823 494 2886 de
510 2823 666 2908 regendo,
690 2823 748 2887 aad
765 2824 806 2888 de
822 2822 974 2910 augendo
989 2845 1092 2909 regno

108 2905 276 2990 cogitavit.
321 2907 438 2992 Itaque
453 2907 594 2994 Scythas
617 2909 759 2973 invictos
782 2919 889 2991 antea,
913 2910 970 2996 qui
985 2909 1092 2995 Zopy-

106 2991 211 3071 riona,
228 2990 414 3056 Alexandri
429 2993 544 3078 Magni
561 2993 689 3075 ducem,
706 3015 780 3060 cum
796 2996 933 3079 triginta
944 2994 1092 3060 millibus

107 3085 310 3140 armatorum
327 3076 537 3160 deleverant,
551 3080 608 3165 qui
625 3079 761 3166 Cyrum,
777 3080 953 3144 Persarum
969 3101 1091 3164 regern,

107 3181 183 3223 cum
204 3159 355 3226 ducentis
371 3163 518 3228 millibus
534 3164 789 3245 trucidaverant,
815 3167 872 3255 qui
886 3163 1090 3252 Philippum,

106 3243 328 3310 Macedonum
344 3269 467 3332 regem,
483 3249 689 3333 fugaverant,
706 3251 835 3335 ingenti
849 3249 1009 3314 felicitate
1020 3271 1092 3336 per·

107 3331 243 3394 domuit.
288 3333 416 3397 Auctus
440 3335 547 3418 igitur
562 3336 689 3400 viribus
697 3385 707 3417 ,
729 3335 873 3400 Pontum
896 3357 1028 3423 quoque
1051 3343 1140 3402 aol5

107 3415 264 3502 deincep·
291 3417 538 3506 Cappadociam
564 3422 747 3504 occupavit
804 3421 916 3500 Quum
943 3421 988 3486 de*
1008 3420 1090 3486 Auia

105 3509 276 3584 tractaret,
305 3505 425 3568 tacitus
452 3526 527 3568 curn
552 3504 751 3592 quibusdam
775 3507 889 3570 amicis
912 3506 1088 3592 profectus,

105 3587 297 3652 uniuersam
319 3589 415 3656 nuiio
436 3590 776 3676 aciantopervagatur
792 3601 852 3675 est,
874 3593 1088 3678 omniumque
