2666 4246
493 371 602 421 LIBER
618 369 690 421 XIV.
1041 367 1081 428 81

100 520 222 602 caedit,
237 528 400 611 precatus,
423 543 463 584 ne
483 542 520 585 se
540 541 642 600 regem
659 527 733 584 tilae
747 531 849 610 terrae
864 517 980 585 invitos
994 529 1082 586 acci·

96 605 203 684 pians.
248 605 289 669 In
307 605 370 668 Ilio
392 626 524 692 quoque
546 605 590 669 ad
604 603 754 669 trumulos·
763 603 914 686 heroum,
931 605 989 690 qui
1004 605 1083 668 Tro-

95 692 180 777 jano
196 688 284 754 bello
301 689 496 771 ceciderant,
511 690 707 776 parentavit

530 840 605 894 OAP.
624 844 661 895 11.
713 856 715 864 ·

388 925 551 981 Persarum
568 925 667 994 prima
683 924 796 984 claues.

169 1023 253 1088 Inde
268 1024 395 1089 hostem
416 1035 544 1111 petens,
567 1021 689 1090 milites
707 1023 732 1090 ‘a
753 1023 968 1110 populatione
983 1025 1112 1090 Asiae5

105 1107 294 1192 prohibuit:
306 1117 501 1190 parcendum
524 1121 591 1177 suis
612 1119 715 1190 rebus,
738 1105 916 1196 praefatus,¹
938 1131 1083 1190 uesper-

103 1201 213 1258 denda
235 1216 288 1272 aa,
308 1215 389 1275 quae
406 1205 588 1274 possessuri
610 1205 757 1260 venerem.
794 1195 834 1259 In
850 1193 998 1258 exercitu
1014 1197 1098 1280 ejus¹

103 1279 199 1341 fuere
214 1279 363 1363 peditum
378 1280 515 1366 triginta
537 1279 602 1345 duo
625 1280 746 1361 millia,
771 1279 919 1366 equitum
943 1289 1084 1366 quatuor

103 1361 213 1426 millia
228 1364 412 1461 quingenti,
427 1385 531 1429 naves
545 1373 678 1429 centum
694 1365 861 1448 octoginta
877 1363 971 1428 duee.
1011 1365 1084 1428 Hac
1102 1347 1110 1374 '

103 1457 173 1511 tam
193 1469 298 1530 parva
317 1470 418 1512 manu
439 1451 633 1514 universum
655 1459 816 1513 terrarum
840 1448 951 1513 orbem
973 1457 1083 1514 utrum

104 1531 336 1596 admirabilius
358 1534 484 1616 vicerit,
507 1557 550 1598 an
572 1534 710 1619 aggredi
731 1555 832 1597 ausus
851 1533 959 1614 fuerit,
981 1535 1085 1597 incer·

103 1625 176 1680 tum
189 1625 248 1680 est
272 1617 386 1697 ‘Quum
399 1618 442 1682 ad
453 1627 520 1684 tam
531 1619 753 1704 periculosum
765 1617 889 1682 bellum
902 1619 1083 1681 exercitum
1094 1625 1112 1682 6

105 1700 241 1785 legeret,
256 1704 471 1788 nonjuvencs
482 1703 632 1768 robustos
643 1726 705 1768 nec
715 1703 859 1791 primum
872 1702 985 1766 florem
998 1711 1083 1766 aeta·
1152 1740 1154 1745 .

105 1786 162 1866 tis,
186 1785 246 1850 sed
260 1796 443 1870 veteranos,
464 1788 638 1876 plerosque
655 1789 753 1852 etiam
770 1788 924 1850 emeritae
935 1786 1083 1867 militiae,

104 1871 165 1956 qui
180 1893 256 1934 cum
272 1874 364 1955 patre
379 1871 571 1960 petruisque
584 1873 817 1953 militaverant,
839 1869 947 1956 elegit,
965 1879 1084 1935 utnon

104 1963 173 2018 tam
196 1955 317 2020 milites
339 1977 439 2042 quam
461 1959 635 2042 magistros
651 1957 789 2020 militiae
804 1954 924 2019 electos
941 1964 1083 2040 putares.

105 2037 251 2102 Ordines
267 2061 398 2126 quoque
413 2063 510 2106 nemo
525 2043 591 2105 nisi
606 2042 842 2125 sexagenarius
858 2039 963 2120 duxit,
987 2050 1032 2122 ut,
1056 2043 1085 2105 si

105 2123 272 2208 principia
302 2133 483 2190 castrorum
511 2145 676 2208 cerneres,
704 2133 855 2189 senatum
883 2134 916 2189 te
943 2125 1084 2211 alicujus

106 2209 236 2292 priscae
256 2207 460 2292 reipublicae
481 2211 595 2275 videre
619 2208 753 2274 diceres.
790 2210 908 2297 Itaque
929 2232 1026 2274 nemo
1049 2210 1085 2273 in

107 2291 236 2376 proelio
248 2292 372 2377 fugam,
388 2295 447 2358 sed
458 2297 633 2359 victoriam-
641 2295 808 2378 cogitavit,
822 2296 931 2358 necin
943 2293 1085 2380 pedibus

106 2377 264 2462 cuiquam
281 2397 366 2462 spes,
383 2379 491 2444 sedin
506 2379 641 2443 lacertis¹
652 2381 722 2444 fuit.
758 2378 883 2443 Contra
897 2401 958 2442 rex
971 2379 1084 2442 Persa·
1096 2386 1113 2442 7

106 2483 181 2525 rum
197 2462 331 2544 Darius,
348 2461 470 2550 fiducia
485 2465 622 2548 virium,
639 2465 687 2528 nil
703 2473 777 2550 astu
792 2485 899 2547 agere,
916 2463 1084 2526 affirmans

106 2547 194 2610 suis:
211 2554 333 2610 occultu
350 2556 485 2614 scissilis
499 2557 651 2614 victoriae
663 2557 802 2627 furtivae
817 2556 1003 2622 convenirc;
1023 2565 1085 2609 nec

16 2699 18 2710 y
107 2629 236 2696 hostem
251 2633 346 2716 regni
360 2631 483 2697 finibus
497 2655 622 2715 arcere,
646 2631 705 2698 sed
724 2634 759 2695 in
775 2632 928 2695 intimum
944 2653 1085 2716 regnum
1114 2661 1116 2668 ·

16 2713 19 2832 ι
106 2717 268 2800 accipere,
285 2715 459 2800 gloriosius
474 2726 563 2782 ratus
579 2717 739 2803 repellere
753 2715 889 2798 bellum,
903 2738 1002 2802 quam
1018 2737 1085 2780 non

16 2839 18 2896 ἱ
107 2799 290 2864 admittere.
327 2800 440 2865 Prima
459 2803 562 2886 igitur
581 2801 771 2886 congressio
790 2802 825 2864 in
842 2802 967 2885 campis
982 2799 1114 2865 Adra-8

16 2901 18 2956 :
107 2885 191 2948 stiae
210 2884 283 2950 fuit.
317 2885 358 2949 In
374 2888 445 2951 acie
459 2886 635 2950 Persarum
652 2894 809 2950 sexcenta
823 2885 929 2950 millia
939 2885 1086 2949 militum

16 3007 17 3010 =
107 2968 210 3049 inere,
235 2969 320 3054 quae
340 2991 408 3033 non
429 2971 624 3036 minusarte
639 2969 833 3052 Alexandri,
837 2992 949 3117 lium
964 2971 1086 3034 virtute

108 3052 330 3117 Macedonum
347 3064 510 3138 superata,
526 3065 619 3141 terga
629 3064 808 3120 uerterunt.
875 3076 961 3138 agna
975 3055 1087 3139 itaque

16 3147 18 3210 Q
109 3137 420 3203 caedes‘Persarum
435 3139 506 3204 iuit.
536 3141 589 3204 De
605 3141 750 3206 exercitu
766 3138 1086 3204 Alexandrinorum

16 3227 17 3234 ’
109 3221 255 3306 pedites,
285 3232 416 3288 centum
438 3225 558 3310 viginti
580 3227 706 3313 equites
728 3222 890 3304 cecidere,
921 3212 1004 3309 quo's
1026 3243 1087 3285 rex

110 3307 259 3396 impense
288 3307 332 3372 ad
358 3317 541 3374 ceterorum
568 3309 757 3394 exemplum
790 3307 942 3371 humatos
972 3306 1087 3370 statuis

110 3392 320 3478 equestribus
335 3393 480 3476 donavit,
504 3396 719 3481 cognatisque
735 3415 848 3457 eorum
863 3392 1087 3455 immunitates

111 3475 209 3566 dedit.
249 3475 329 3542 Post
347 3479 519 3543 victoriam
538 3481 647 3566 major
665 3501 741 3565 pars
756 3478 856 3542 Asiae
880 3477 923 3542 ad
943 3499 1019 3542 eum
1035 3477 1116 3540 de·9

918 3579 935 3633 6
