2666 4246
251 361 274 417 t}
543 360 682 412 tuemur
700 359 948 412 nrsrofflnnun

114 661 188 723 825.
366 646 370 654 ¹
497 661 649 730 omnmo
668 581 824 720 ftiPEliisdi
847 664 999 722 conditur.

206 778 245 834 15
319 766 450 832 Primus
472 765 539 830 iltis
563 766 723 852 appulsus
744 776 851 832 terrae
873 767 1005 854 Cyprus
1026 768 1138 832 insula
1163 770 1241 848 fuit,

255 851 314 916 ubi
339 851 491 916 sacerdos
513 851 608 916 Jovis
636 873 711 916 cum
738 853 880 939 conjuge
903 861 935 916 et
957 852 1070 918 liberis
1097 855 1240 920 deornm

255 936 382 1001 monitu
398 937 550 1000 comitem
566 958 602 1001 se
617 935 743 1002 Elissae
765 939 957 1024 sociumque
975 938 1127 1004 fortunae
1143 961 1241 1024 pree-

255 1019 346 1101 buit,
377 1030 494 1108 pectus
524 1020 587 1086 sibi
616 1023 823 1108 posterisque
876 1032 1048 1108 erpetuum
1076 1023 1239 1090 honorem

255 1105 439 1172 sacerdotii.
485 1105 644 1171 Condicio
694 1128 731 1171 ro
745 1045 928 1172 ‹manitbsto
955 1111 1064 1172 omine
1087 1119 1237 1194 accepts.

254 1191 309 1256 Ex
324 1212 462 1256 numero
477 1192 644 1276 virginum
661 1130 858 1341 gypmarum
873 1195 1041 1277 octoginta
1055 1195 1128 1280 rapi
1142 1197 1241 1259 navi-

254 1275 384 1362 busque
403 1278 530 1362 imponi
544 1277 656 1342 Elissa
670 1279 711 1364 ju
736 1286 783 1358 et,
804 1287 841 1341 ut
850 1279 1009 1364 juventus
1025 1279 1241 1344 matrimonia

206 1372 244 1428 16
257 1361 378 1426 habere
388 1371 508 1448 posset.
531 1361 623 1426 Dum
632 1366 714 1426 haec
723 1369 876 1447 aguntur,
884 1363 1093 1448 Pygmalion,
1102 1366 1239 1449 cognita

255 1447 375 1511 sororis
397 1446 492 1532 fuga,
516 1469 618 1533 quum
641 1448 743 1535 impio
766 1447 853 1512 bello
874 1449 1056 1533 fugientem
1078 1451 1238 1536 persequi

254 1540 394 1616 pararet,
411 1553 509 1616 aegre
523 1532 677 1619 precibus
689 1533 802 1596 matris
815 1542 848 1598 et
861 1533 998 1598 decim
1014 1534 1113 1598 minis
1124 1535 1240 1598 victus

255 1616 395 1702 quievit3
408 1619 462 1680 cui
474 1639 576 1702 quum
588 1619 740 1702 inspirati
752 1627 844 1682 vates
856 1627 1023 1700 canerent,
1034 1641 1096 1683 non
1110 1627 1240 1700 impune

255 1711 405 1780 laturam,
429 1710 458 1766 si
480 1711 670 1768 incrementa
686 1709 774 1768 urbis·
789 1719 851 1768 toto
869 1710 945 1768 orbe
960 1713 1239 1784 auspicatissimos

255 1795 496 1866 interpellasset,
524 1786 586 1851 hoc
612 1787 710 1852 modo
737 1789 879 1874 spatium
900 1789 1087 1873 respirandi
1105 1789 1237 1874 fugien-

203 1881 243 1938 17
254 1872 342 1937 tibus
355 1871 468 1938 datum
481 1881 539 1937 est.
563 1871 682 1959 Itaque
693 1873 804 1938 Elissa
815 1873 924 1937 delata
934 1873 969 1937 in
979 1873 1112 1938 Atiicae
1121 1876 1235 1939 sinum
1328 1887 1329 1954 ξ

253 1957 544 2046 incolaslociejus,
563 1958 708 2024 adventu
716 1960 966 2045 peregrinorum
977 1967 1236 2045 mutuarumqne

253 2065 363 2108 rerum
379 2043 575 2108 commercio
596 2043 790 2129 gaudentes,
814 2045 849 2107 in
871 2044 1047 2108 amicitiam
1063 2044 1233 2127 sollicitat3

254 2127 374 2191 deinde
390 2138 500 2212 empto
515 2129 598 2209 loco,
615 2129 673 2214 qui
688 2128 776 2192 corio
791 2128 885 2193 bovis
898 2125 967 2214 tegi
982 2139 1102 2215 posset,
1117 2131 1152 2193 in
1165 2151 1232 2216 quo

252 2213 357 2278 fessos
370 2211 471 2298 longa
482 2215 693 2298 navigatione
705 2214 811 2279 socios
823 2215 957 2278 reficere
968 2223 1092 2298 posset:
1104 2217 1233 2278 corium

251 2300 287 2362 in
303 2299 521 2364 'tenuissimas
543 2307 654 2384 partes
678 2301 782 2364 secari
798 2299 910 2386 jubet,
938 2310 1036 2385 etque
1058 2301 1104 2363 ita
1123 2301 1233 2386 majus
1327 2377 1328 2384 ἵ

253 2383 316 2448 1οοί
332 2384 475 2467 spatium
481 2433 490 2466 ,
507 2407 607 2470 quam
623 2385 776 2468 petierat,
793 2393 946 2470 occupat3
968 2384 1059 2449 unde
1074 2387 1234 2468 pesteaei
1259 2449 1265 2458 ,
1327 2391 1328 2468 ξ

202 2477 241 2535 18
252 2469 325 2536 loeo
334 2469 460 2556 Byrsae
475 2491 595 2534 nomen
611 2471 683 2534 fuit.
714 2468 966 2534 Confluentibus
982 2469 1102 2533 deinde
1112 2471 1234 2533 vicinis

252 2553 417 2636 locorum,
440 2556 499 2641 qui
514 2577 573 2640 spe
587 2553 673 2618 lueri
688 2554 792 2618 multa
806 2553 990 2638 hospitibus
1002 2553 1139 2618 venalia
1153 2555 1234 2618 inie-

251 2639 383 2721 rebant,
407 2663 450 2703 ex
472 2639 658 2788 frequentia
678 2639 849 2703 hominum
864 2639 957 2703 vetut
970 2640 1074 2702 instar
1088 2640 1234 2704 civitatis

248 2725 403 2788 ⁴<effectum
420 2733 477 2788 est.
547 2725 722 2788 ticensium
738 2745 871 2812 quoque
885 2724 985 2810 legati
1002 2723 1090 2788 done
1104 2733 1141 2787 ut
1156 2745 1232 2790 een-
1326 2725 1327 2754 *

251 2809 443 2892 sanguineis
459 2809 654 2890 attulerunt,
672 2809 858 2896 hortatique
873 2819 958 2889 sunt,
975 2816 1139 2874 artemide·
1154 2831 1232 2874 coa-

251 2901 369 2972 (terem,
386 2900 441 2958 uti
455 2902 547 2958 sedes
560 2903 665 2960 sortiri
681 2908 790 2960 essent.
823 2893 891 2958 Sed
906 2902 938 2957 et
948 2893 1045 2958 Afros
1060 2893 1232 2958 detinendi

250 2977 396 3044 advenas
412 2999 504 3042 amor
519 2980 615 3066 cepit.
648 2981 764 3065 Itaque
781 2978 1062 3044 consentientibus
1075 2980 1232 3064 omnibns

250 3063 416 3149 Carthago
438 3065 606 3148 conditur,
630 3073 751 3129 statuto
773 3083 885 3128 annuo
906 3065 1062 3150 vecti-geli
1084 3085 1145 3149 pro
1161 3065 1231 3130 solo
1325 3141 1326 3146 γ

199 3158 238 3217 19
250 3149 350 3216 urbis.
371 3150 536 3234 Inprimis
545 3149 767 3214 fundamentis
778 3147 1048 3236 caputbubulum
1056 3151 1231 3214 inventum

249 3244 312 3318 est3
323 3236 414 3322 quod
428 3237 613 3322 auspicium
625 3237 810 3300 fructuosae
822 3234 966 3320 quidem,
976 3233 1035 3300 sed
1046 3233 1230 3300 laboriosae

273 3332 387 3408 erpetu
434 3343 475 3386 ue
489 3343 605 3386 servae
621 3319 711 3385 urbis
726 3321 802 3400 fuit,
823 3319 1061 3406 propterquod
1075 3321 1111 3384 in
1127 3318 1230 3384 alium

246 3343 358 3470 'iocum
376 3343 460 3472 tiibs
478 3407 650 3470 *translata
691 3404 809 3491 ibique
832 3405 910 3490 equi
932 3414 1032 3491 caput
1052 3415 1230 3491 repertum,
1324 3439 1325 3452 κ

248 3489 1228 3579 bellicosumpotentemquepopulumsuturnmsigniflems,
1324 3525 1325 3560 r

247 3573 323 3640 urbi
346 3577 549 3660 auspicatam
573 3575 685 3640 sedem
707 3574 806 3640 dedit.
852 3575 948 3640 'lune
969 3574 1015 3640 ad
1036 3576 1228 3660 epinidnn
