2658 4244
477 334 481 344 '
518 341 627 392 LIBER
644 341 676 391 V.
1042 337 1081 400 23

103 497 294 577 postremus
314 491 350 555 in
372 491 496 575 proelio
518 513 647 578 semper
672 492 762 558 visus
784 501 848 576 est3
870 493 906 557 in
927 492 1083 579 periculis

103 575 259 658 timidus,
284 586 316 641 et
333 576 391 641 ubi
405 585 510 642 metus
526 576 669 659 abesset,
685 578 833 663 inflatus3
850 578 992 666 denique
1008 587 1083 644 aute

103 664 371 748 experimentum
397 661 478 726 belli
499 662 623 726 fiducia
646 663 785 746 virium,
816 663 923 729 veluti
946 672 1084 730 naturae

101 747 212 832 ipsius
228 749 400 827 dominus,
418 757 451 812 et
463 757 590 814 montes
604 749 639 812 in
655 749 791 835 planum
807 749 948 815 ducebat
963 758 996 814 et
1008 769 1084 814 con-

101 857 193 898 vexa
214 833 354 898 vallium
376 833 554 920 aequabat,
578 843 611 897 et
633 833 795 921 quaedam
810 836 916 902 maria
953 835 1083 900 ontibus

104 918 291 1000 sternebat,
315 918 479 1005 quaedam
498 918 542 983 ad
555 919 776 1005 navigationis
798 859 1006 986 commodum
1026 941 1085 1008 per

105 1004 340 1090 compendium
355 1003 505 1071 ducebat.

527 1159 591 1226 cap.
610 1161 661 1214 ΠΙ.
714 1131 717 1142 ¹

464 1242 623 1304 Leonidas.
654 1243 725 1302 480.

166 1341 277 1430 Cujus
300 1344 453 1409 introitus
473 1347 509 1410 iu
526 1345 700 1413 Graeciam
717 1367 816 1432 quam
831 1345 998 1430 terribilis,
1017 1355 1085 1411 tam
1095 1355 1136 1414 14

97 1429 213 1513 turpis
227 1451 268 1494 ac
282 1430 397 1496 foedus
419 1431 582 1498 discessus
601 1431 672 1497 fuit.
709 1429 793 1496 Nam
833 1455 911 1496 uum
926 1432 1085 1515 Leonida,

99 1537 163 1578 rex
195 1513 451 1598 Spartanorum,
482 1539 557 1580 cum
587 1525 742 1604 quattuor
769 1455 917 1584 miilibus
942 1519 1085 1584 militum

37 1603 39 1608 '
99 1601 278 1686 angustias
301 1601 599 1692 Thermopylarum
618 1611 829 1688 occupasset,
854 1603 984 1668 Xerxes
1010 1626 1086 1670 con-

87 1694 232 1773 ¹tcmptu
243 1688 420 1770 paucitatis
428 1707 639 1776 eospugnam
648 1710 688 1754 oa
712 1688 931 1778 esserejubet,
944 1709 1085 1775 quorum

100 1773 239 1856 cognati
249 1771 460 1838 Marathonia
473 1795 587 1860 pugna
601 1775 669 1839 inte
701 1776 764 1839 ecti
774 1773 918 1858 fuerant3
936 1776 992 1860 qui
1005 1773 1085 1838 dum

101 1857 223 1920 ulcisci
244 1880 321 1923 suos
366 1869 517 1940 uaernnt,
539 1861 739 1945 principium
762 1857 864 1923 cladis
885 1861 991 1942 fuere3
1014 1879 1085 1922 suc·

105 1941 244 2006 cedente
273 1881 394 2008 deirido
422 1944 534 2009 inutili
558 1944 671 2025 turba,
700 1946 805 2046 major
827 1943 944 2008 caedes
966 1943 1084 2009 editur.

17 2051 19 2064 ’
106 2026 233 2091 Triduo
254 2027 302 2093 ibi
323 2049 400 2094 oum
422 2028 534 2095 dolore
555 2041 587 2094 et
605 2029 833 2116 indignanono
847 2025 1023 2094 Persarum
1039 2029 1085 2094 di·
1095 2041 1134 2102 15

104 2113 278 2197 micatum3
296 2123 413 2200 quarta
425 2114 478 2180 die
490 2137 593 2202 quum
604 2118 803 2198 nunciatum·
811 2123 895 2182 esset
905 2113 1084 2198 Leonidae,

101 2221 122 2262 a
136 2199 261 2284 viginti
276 2199 424 2265 millibus
444 2200 587 2266 hostium
610 2223 775 2266 summum
796 2223 954 2267 cacumen
968 2202 1084 2283 teneri,

102 2294 187 2348 tnnc
212 2284 364 2350 hortatur
382 2287 502 2368 socios,
528 2295 679 2353 recedant
700 2301 785 2352 etse
806 2295 852 2354 ad
871 2295 1002 2356 meliora
1018 2308 1084 2367 pa-

102 2380 189 2438 triae
210 2383 352 2452 tempora
373 2387 550 2450 reservent;
570 2379 633 2438 sibi
654 2395 722 2439 cam
737 2377 908 2453 Spartanis
923 2381 1085 2454 [ormnem

103 2465 354 2539 reperiendam·
376 2466 475 2538 plara
501 2467 701 2539 sapricius,
732 2465 1085 2539 parasitastrum

101 2557 228 2607 ceterm
261 2550 306 2608 aa
332 2551 500 2623 praesidia
535 2549 693 2609 Graeciae
724 2551 904 2610 servandos.
959 2543 1137 2612 Auditor&

102 2627 192 2712 regis
216 2628 372 2712 imperio,
399 2628 577 2694 ffiscessere
604 2630 717 2711 ceteri,
745 2629 807 2694 soli
830 2628 1085 2694 Lacedaemonii

104 2722 345 2778 remanserunt.
373 2714 472 2780 Initio
485 2714 585 2802 hujus
597 2714 677 2780 belli
688 2715 931 2780 sciscitantibus
942 2714 1085 2800 Delphis

103 2798 242 2863 oracula
255 2820 452 2886 responsum
467 2801 584 2881 fuerat,
607 2809 664 2864 aut
678 2802 749 2886 regi
764 2801 1013 2888 Spartanorum,
1028 2809 1087 2866 aut

100 2883 181 2948 urbi
204 2883 400 2952 cadendum.
437 2885 483 2949 Et
500 2883 625 2950 idcirco
649 2908 709 2952 rex
729 2886 893 2972 Leonida,
920 2908 1023 2973 quum
1049 2887 1085 2950 in

99 2969 230 3034 bellum
250 2969 524 3058 proficisceretur,
547 2971 594 3036 ita
616 2993 691 3036 suos
716 2970 913 3056 firmaverat,
936 2981 973 3036 ut
986 2973 1034 3036 ire
1050 2993 1085 3035 se

100 3064 222 3139 parato
236 3055 280 3120 ad
294 3056 502 3122 moriendum
521 3056 630 3122 animo
647 3058 777 3122 scireut.
811 3058 993 3143 Angustias
1011 3077 1085 3141 pro·

101 3151 219 3226 pterea
238 3151 466 3228 occupaverat,
486 3151 524 3206 ut
538 3163 613 3206 aum
629 3144 743 3226 paucis
763 3152 820 3208 aut
833 3144 957 3230 majore
979 3141 1086 3227 gloria

101 3227 261 3309 vinceret,
282 3237 340 3292 aut
353 3229 480 3293 minore
495 3227 615 3292 damno
631 3227 833 3312 reipublicae
848 3227 990 3292 caderet.
1027 3227 1084 3292 Di·
1095 3238 1135 3296 17

102 3313 215 3377 missis
235 3313 339 3397 igitur
359 3315 467 3394 soci-is,
489 3312 644 3402 hortatur¹
657 3312 854 3398 Spartanos:
877 3319 1083 3394 Meminerint,

102 3405 370 3480 quantacumque
376 3405 613 3480 praeliantibus
627 3407 801 3464 cadendum
816 3421 885 3464 csse
892 3423 906 3477 ;
928 3412 1084 3479 coenent,

101 3507 143 3550 ne
169 3490 290 3564 sortiar
311 3492 481 3564 mansisse,
509 3506 601 3566 pacm
623 3492 792 3554 dimicasse
813 3492 998 3564 ciaconium
1026 3507 1084 3550 nec

103 3577 358 3652 exspectandam,
382 3583 416 3636 at
434 3577 475 3636 ab
490 3578 580 3637 hoste
594 3578 899 3650 circumvenirentur,
923 3579 989 3651 sed,
1013 3579 1084 3637 dam
