2678 4246
243 329 285 392 ss
530 330 671 384 Jusrmt
687 329 939 382 meremur

245 482 415 566 Antigono
430 479 557 564 traditi3
580 490 613 546 et
626 482 776 548 variante
791 480 963 547 hominum
978 482 1099 565 partim
1115 481 1243 546 dolore

244 567 366 652 partim
404 565 520 648 audio,
541 575 639 652 prout
660 564 811 652 singulae
827 566 976 632 civitates
991 575 1049 630 aut
1062 565 1241 631 auxilium

245 652 288 718 dc
302 589 431 738 Pyrrio
453 660 682 738 speraverant,
706 660 764 718 aut
778 661 903 716 metum
917 652 1162 734 sustinuerant,
1184 653 1243 716 ita

246 747 303 804 aut
324 758 400 802 cum
415 737 584 822 Antigono
607 737 794 801 societatem
803 735 1009 823 jungebant,
1031 746 1089 802 aut
1103 738 1242 802 mutuis

196 823 332 889 liinter
353 844 389 889 se
411 821 495 888 odiis
518 821 554 886 in
573 820 700 886 bellum
719 821 872 886 ruebant
907 821 999 886 Inter
1013 821 1105 886 hunc
1118 822 1242 888 turber

139 903 143 910 ’
245 918 353 974 tarum
369 907 619 1008 provinciarum
632 915 759 972 motum
773 905 1074 992 Eliorum-quoque
1088 907 1171 974 urbs
1188 907 1240 972 ab

245 993 438 1058 Aristctrmo
452 993 605 1092 principe
619 1012 679 1076 per
693 991 904 1080 tyrannidem
919 999 1109 1076 occupatur,
1126 1015 1148 1056 a
1163 1014 1240 1078 quo

246 1099 350 1166 quum
366 1075 462 1142 mult1
477 1098 520 1141 ex
561 1075 738 1144 rimoribus
753 1077 868 1158 occisi,
891 1075 1005 1164 plures
1019 1079 1055 1142 in
1070 1077 1239 1144 exsilium

246 1163 312 1228 acti
322 1169 441 1244 essent,
457 1100 585 1226 Aetolis
596 1183 656 1248 per
667 1161 796 1248 legatos
804 1158 1059 1249 postulantibus,
1076 1170 1240 1243 semaces

246 1255 422 1327 liberosque
448 1255 584 1312 exsulum
608 1254 765 1327 redderet,
815 1248 899 1313 rimo
925 1249 1076 1333 negavit3
1102 1258 1238 1332 postea,

247 1334 343 1418 qussi
364 1332 565 1418 poeniteret,
611 1269 819 1396 reficiscenrli
842 1333 884 1397 ad
898 1332 1146 1422 suosomnibus
1161 1355 1238 1397 ma·

245 1417 350 1481 tronis
364 1425 560 1502 potestatem
580 1353 685 1499 ledit,
709 1417 864 1505 diemque
875 1418 1089 1518 profectionis
1104 1420 1236 1482 statuit.

245 1500 342 1584 Illae,
359 1503 454 1588 quasi
468 1501 504 1565 in
519 1511 716 1589 perpetuum
730 1524 807 1570 cum
821 1504 902 1569 virrs
916 1502 1143 1584 exsulatume,
1157 1526 1237 1590 pre·

246 1587 424 1653 ticsissima
438 1608 591 1736 quaetpue
607 1588 807 1670 auferentes,
832 1601 936 1688 quum
951 1587 997 1658 ad·
1008 1597 1138 1673 portem
1153 1611 1235 1654 eon-

246 1674 425 1752 venisseut,
442 1673 532 1738 omni
556 1694 596 1737 us
610 1672 711 1739 rebus
727 1673 954 1759 exspoliantur
965 1681 1000 1738 et
1011 1675 1047 1738 in
1061 1695 1233 1740 carcerem

246 1757 472 1837 recluduntur,
489 1758 606 1823 occisis
621 1760 714 1844 prius
727 1760 763 1824 in
778 1759 904 1848 'gremio
919 1767 1063 1824 matrum
1077 1759 1233 1844 parvulis

197 1842 370 1910 131iberis.
414 1842 468 1908 Ad
491 1851 558 1908 tam
581 1843 994 1911 saevamsominationem
1020 1844 1234 1930 stupentibus

247 1929 415 2010 omnibus,
431 1929 585 2029 princeps
601 1949 714 1997 eorum
729 1927 933 2010 Hellanicus,
949 1951 1052 1994 senex
1067 1938 1100 1996 et
1113 1929 1232 1996 liberis

247 2013 364 2095 orbus,
389 2036 511 2100 quippe
536 2015 593 2099 qui
614 2035 677 2078 nec
700 2015 815 2080 aetatis
835 2036 897 2080 nec
911 2015 1061 2100 pignoris
1076 2024 1233 2100 respectu

246 2099 393 2179 timeret,
419 2107 603 2166 contractos
630 2099 764 2164 domum
779 2099 966 2166 >fidissimos
989 2101 1171 2170 amicorum
1194 2103 1231 2166 in

246 2181 429 2254 vindictam
469 2184 745 2255 atriaehortatur-
774 2183 1016 2254 cunctantbus
1031 2185 1081 2268 iis,
1096 2186 1231 2272 privato

246 2267 395 2418 periculo
404 2206 575 2354 pullicum
587 2270 693 2352 finire,
706 2279 738 2338 et
746 2269 952 2336 deliberandi
963 2270 1106 2358 spatium
1117 2279 1232 2355 postu·

260 2352 411 2436 antibus,
432 2354 532 2442 jubet
553 2353 699 2420 obserari
723 2355 809 2420 fores
829 2364 1038 2442 tyrannoque
1063 2357 1230 2438 nunciam,

247 2444 391 2518 maereret,
418 2447 473 2520 qul
495 2447 674 2521 conjurator
696 2447 783 2520 apud
802 2464 837 2504 se
858 2448 1150 2522 comprehenderem
1172 2441 1231 2507 ob·

241 2526 372 2613 jectans
396 2525 555 2612 singulis,
580 2549 632 2605 se,
660 2533 734 2605 qaia
761 2532 946 2592 liberandae
960 2535 1094 2606 patriae
1107 2539 1231 2594 :aanor

197 2616 237 2674 14
247 2633 317 2676 erse
338 2633 401 2677 non
416 2621 536 2692 possit,
560 2618 704 2682 desertae
724 2619 855 2676 ultorem
873 2618 1022 2690 futurum.
1061 2613 1158 2680 Tunc
1176 2613 1231 2680 illi

246 2693 384 2779 ancipili
404 2696 551 2781 periculo
574 2696 807 2777 circumventi,
830 2695 1050 2764 honestiorem
1064 2699 1155 2764 viam
1171 2699 1231 2764 eli·

247 2790 361 2865 gentes
388 2781 563 2866 conjurant
587 2783 626 2846 in
644 2782 778 2868 tyranni
802 2795 934 2865 necem}
958 2791 1060 2868 atque
1085 2784 1132 2848 ita
1152 2783 1230 2848 Ari-

246 2865 398 2930 stotimus
420 2867 550 2950 quinto,
573 2875 748 2954 postquam
769 2867 1227 2956 tyrannidem'cccupaverat,

245 2971 359 3016 mense
375 2952 581 3037 oppnmitur.
656 3011 659 3020 .
732 2995 734 3002 ι

496 3155 501 3168 ,
675 3107 751 3160 cur.
768 3083 801 3161 πῆ
868 3143 874 3152 .

263 3190 441 3262 Antigonus,
459 3188 555 3246 sanis
572 3189 711 3266 tenetis,
728 3205 854 3260 regnum
871 3191 1062 3248 Macedoniae
1080 3190 1204 3247 amittit.

196 3301 236 3359 15
300 3293 649 3379 ⁴IntercsAntigonus,
664 3288 767 3378 quum
782 3295 959 3378 multiplici
972 3293 1061 3358 bello
1078 3294 1228 3358 etPtcle·

246 3381 334 3447 maci
348 3381 438 3465 regis
449 3388 484 3446 et
497 3379 736 3466 Spartanorum
749 3388 967 3466 premeretur,
986 3396 1160 3467 novusque
1174 3380 1227 3444 illi

247 3461 350 3530 hostis
365 3465 616 3550 Gallograeciae
630 3467 795 3533 exercitus
811 3459 1009 3548 effluxisset,
1030 3466 1065 3530 in
1081 3465 1226 3552 speciem

247 3559 428 3656 ffstrorum
447 3573 552 3638 parva
571 3572 673 3618 mauu
694 3550 853 3622 adversus
869 3559 998 3620 ceteros
1015 3552 1147 3631 relicta,
1170 3550 1227 3614 ad·
