2678 4246
239 357 278 421 98
513 361 662 416 tuentur·
671 359 922 416 merolilanus

239 512 371 600 sequias
392 512 485 598 regio
504 534 595 578 mors
614 513 706 595 fecit,
729 511 898 600 liliumque
919 513 1108 598 Demetrii,
1121 527 1219 604 quam

212 601 349 664 'secum
372 597 556 664 Antiochus
579 597 774 680 adduxerat,
797 621 837 664 ca
860 608 913 664 tus
934 621 1045 664 amore
1067 602 1220 686 virginis,

188 689 225 750 21
238 705 375 749 uxorem
406 683 511 750 duxit.
554 683 729 750 Poenitere
755 621 876 750 deinhe
907 683 1035 750 dimissi
1057 685 1221 755 Demetrii

238 769 363 872 coepit3
386 769 428 834 ad
444 791 542 856 quem
557 769 793 836 retrahendum
832 793 912 835 uum
928 779 1052 836 turmas
1067 773 1220 858 equitum

237 853 389 920 leonnato
410 854 562 936 misisset,
582 855 790 922 Demetrium
809 793 876 922 hoc
890 857 1001 943 ipsum
1016 866 1222 927 metuentem

231 940 302 1028 jam
329 941 365 1006 in
390 961 493 1027 regno
520 940 648 1028 equites
673 942 1007 1024 missiinvenarnnt,
1029 942 1221 1030 frustraque

237 1026 349 1091 omnia
362 1026 473 1092 conati
487 1025 530 1091 ad
544 1047 656 1112 regem
673 1049 770 1092 suum
785 1027 911 1092 reversi
925 1035 1013 1092 sunt.

653 1181 731 1234 ctP.
747 1181 795 1234 1v.
835 1217 838 1222 -

534 1321 537 1328 ,
580 1263 730 1324 Damon-tl
747 1264 861 1322 exitus.

186 1375 225 1434 22
297 1365 497 1449 Demetrius,
509 1367 681 1434 obsidione
691 1367 890 1434 Parthorum
902 1367 1061 1436 liberatus
1074 1369 1222 1434 aoresti·

235 1457 325 1516 tutus
340 1452 376 1517 in
387 1474 537 1536 regnum,
554 1455 649 1540 quasi
661 1453 816 1520 Parthica
828 1453 932 1538 ipsius
943 1475 983 1520 ac
993 1453 1104 1522 fratris
1118 1451 1219 1534 bella,

236 1535 357 1625 quibus
377 1536 462 1603 alter
481 1547 607 1639 captus,
629 1538 714 1604 alter
726 1539 857 1604 occisus
873 1548 952 1621 erat,
976 1559 1133 1624 prospere
1148 1559 1220 1603 oes-

236 1625 362 1703 sissent,
377 1621 502 1688 bellum
517 1625 638 1690 inferre
655 1625 769 1689 statuit
782 1625 947 1711 Aegypto,
963 1625 1064 1712 cujus
1076 1645 1217 1708 regnum

236 1706 412 1796 Dleopatra
439 1730 552 1776 socrus
581 1709 722 1797 pretium
750 1709 870 1774 auxilii
895 1709 1055 1776 adversus
1081 1709 1217 1782 fratrem

186 1803 225 1864 2³
236 1815 331 1860 suurn
349 1793 576 1880 pollicebatur.
618 1794 684 1860 Sed
700 1794 779 1860 dum
795 1793 906 1860 aliena
920 1795 1061 1873 affectat,
1078 1807 1116 1860 ut
1130 1791 1220 1860 asso'

235 1878 282 1946 let
295 1879 378 1961 fieri,
393 1882 526 1965 propria
539 1902 600 1965 per
615 1879 831 1946 defectionem
843 1880 960 1966 Syriae
975 1880 1099 1964 amisit3
1114 1880 1218 1968 siqui·

236 1963 310 2031 dem
321 1965 563 2032 Antiochenses
576 1967 684 2052 primi,
700 1965 784 2031 duce
796 1965 987 2052 Tryphone,
1004 1975 1216 2036 exsecrantes

235 2071 273 2114 su
300 2050 425 2116 erbiam
451 2052 549 2136 regis,
595 2073 658 2116 uae
679 2052 928 2117 conversatione
947 2050 1121 2116 Parthicae
1144 2073 1218 2116 cru·

236 2073 378 2202 delitatis
398 2073 616 2202 intolerabilis
636 2137 723 2202 facta
737 2146 817 2216 erat,
840 2159 919 2202 mox
933 2136 1109 2222 Apameni,
1131 2145 1217 2201 oete

234 2241 356 2308 raeque
385 2223 533 2288 civitates
558 2220 748 2308 exemplum
774 2232 923 2304 secutae,
951 2244 1012 2310 per
1031 2221 1217 2287 absentiam

184 2307 323 2394 atregis
345 2329 366 2372 a
381 2307 548 2374 Demetrio
570 2307 728 2372 defecere.
773 2306 981 2374 Ptolemaeus
999 2329 1133 2395 quoque
1153 2327 1217 2372 rex
1334 2331 1335 2344 ¹

234 2394 391 2480 Aegypti,
417 2392 502 2459 bello
524 2392 566 2458 ab
589 2393 703 2458 eodem
719 2394 852 2480 petitus,
875 2415 977 2478 quum
994 2392 1217 2493 cognovisset,

235 2477 444 2567 Cleopatram
467 2500 612 2546 sororem
635 2500 739 2557 snam,
762 2476 881 2563 opibus
903 2481 1049 2564 Aegypt
1070 2479 1218 2544 navrbus

233 2565 406 2652 impositis,
422 2565 465 2630 ad
479 2565 581 2630 filiam
599 2574 631 2629 et
640 2564 845 2628 Demetrium
863 2583 1020 2648 generum
1033 2564 1068 2628 in
1081 2561 1217 2664 Syriam
1333 2643 1334 2652 ἵ

233 2651 439 2800 profugisse,
461 2651 609 2716 immittit
623 2650 782 2738 juvenem
805 2648 971 2734 quendam
993 2650 1212 2749 Aegyptium,

261 2737 403 2801 rotarchi
415 2737 627 2822 negotiatoris
638 2735 755 2813 filium,
767 2735 824 2823 qui
836 2756 976 2820 regnum
983 2734 1100 2821 Syriae
1112 2735 1216 2798 aruris

233 2830 432 2908 peteret3'et
455 2823 635 2908 composita
656 2820 780 2901 fabula,
795 2821 898 2921 'quasi
919 2841 980 2921 per
1000 2819 1215 2904 adoptionem

234 2905 389 2974 Antiochi
406 2908 492 2992 regis
509 2923 660 3004 receptus
675 2908 710 2972 in
726 2905 885 2970 famrham
900 2927 1025 2990 regiam
1037 2914 1135 2986 osset,
1151 2925 1217 2970 nec
1332 2957 1333 2974 ,

233 2991 339 3081 Syriis
360 2993 542 3080 quemlibet
561 3015 672 3079 regem
693 2991 962 3079 aspernantibus,
985 3013 1027 3056 ne
1050 2990 1216 3056 Demetrii

233 3091 426 3166 paterentur
449 3078 648 3180 superbiam,
665 3077 783 3166 juveni
806 3099 926 3142 nomen
949 3075 1215 3142 Alexandri-im·

233 3167 376 3316 ponitur,
401 3165 596 3317 auxiliaque
614 3163 1004 3314 aquaeppptqingentia
1012 3162 1213 3312 lprittpntur.

1079 3262 1091 3310 t
1137 3269 1176 3310 ru

185 3261 871 3424 ²⁵11¹:tlt0⁰2552¹3o0¹li⁰30511ltntb
883 3270 1011 3484 §peti
1026 3269 1214 3412 ,iltioni

234 3425 440 3509 supervenit,
471 3422 561 3512 quod
587 3445 665 3488 oum
693 3421 819 3506 ingenti
842 3431 894 3494 stu
918 3421 952 3484 io
972 3419 1214 3484 eivitatiumet

232 3510 321 3595 regis
344 3509 529 3576 Alexandri
555 3507 595 3574 ad
623 3507 819 3572 firmandam
845 3505 977 3572 fabulae
1002 3504 1100 3568 fidem
1123 3503 1212 3568 exei-

232 3597 331 3685 pitur.
377 3593 471 3678 Quae
499 3617 552 3662 res
580 3593 631 3660 illi
652 3615 811 3680 magnum
832 3595 978 3660 levorem
999 3589 1209 3679 popularium
