2666 4246
497 339 605 388 LIBER
622 339 722 388 XVIII.
1034 336 1092 395 115

106 499 228 554 misera
252 503 282 554 et
296 498 383 567 inopi
397 480 523 554 senecta
540 498 699 570 quiescere
712 498 804 553 sinat.
826 489 957 572 Ignaris
974 489 1093 553 deinde
1105 498 1146 554 10

106 574 269 653 ducibus,
286 574 456 637 confestim
473 575 513 638 ad
531 576 734 656 Antigonum
750 573 875 656 legatos
890 575 1025 638 mittunt
1041 597 1093 659 pe-

105 671 234 740 tentes,
251 670 364 722 utsue
378 659 472 722 reddi
489 659 609 723 'ubeat
641 660 673 722 Is
690 659 895 722 redditurum
911 681 946 724 se
961 659 1093 741 pollice·

105 757 179 826 tur,
204 747 233 808 si
248 745 433 809 Eumenem
456 681 519 808 silui
537 743 676 808 trudent.
709 744 839 824 Quibus
855 745 1010 829 cognitis,
1027 745 1093 807 Eu-

105 853 226 896 menes
256 852 331 892 cum
362 831 475 914 paucis
505 831 620 914 sugere
646 832 801 913 tentavit3
839 830 897 893 sed
923 839 1092 910 retractus,

106 939 216 1004 quum
238 937 418 978 concursus
439 914 661 978 multitudinis
680 915 787 978 factus
811 924 909 996 esset,
933 916 1030 998 petit,
1057 923 1096 978 ut

105 1013 314 1088 postremum
331 1000 395 1064 sibi
410 1000 535 1086 alloqui
551 1001 732 1064 exercitum
748 1001 871 1063 liceret.

533 1172 609 1222 cAP.
627 1171 675 1223 IV.

153 1258 303 1312 Eumenes
325 1253 461 1310 oratione
479 1255 517 1309 ed
529 1254 757 1378 &effutiens
775 1255 881 1311 habits
899 1255 1048 1321 Antigono

174 1427 297 1492 Jussus
320 1426 362 1489 ab
385 1425 551 1488 universis
572 1424 699 1505 dicere,
714 1423 800 1488 facto
816 1423 947 1488 silentio
962 1424 1094 1488 laxatis·
1105 1436 1142 1492 11

12 1571 13 1576 ,
107 1536 176 1600 qne
198 1511 361 1592 vinculis,
377 1510 548 1594 prolatam,
569 1512 654 1574 sicut
669 1520 739 1573 erat
753 1520 941 1592 catenatus,
958 1531 1093 1573 manum

107 1598 269 1664 ostendit:
293 1605 429 1672 cernitis,
453 1605 575 1674 milites,
598 1597 717 1684 inquit,
732 1603 870 1660 luditum
888 1612 980 1674 etque
996 1617 1092 1660 ornu-

107 1699 215 1750 menta
245 1691 335 1748 ducis
361 1690 463 1760 nestri,
488 1688 667 1762 quaemihi
689 1703 751 1744 non
774 1689 906 1745 hostiurn
930 1689 1093 1759 quisquam

108 1778 278 1850 imposita,-
311 1790 383 1832 nam
412 1775 473 1832 icoc
501 1775 594 1830 etiarn
624 1773 738 1830 solutio
764 1773 867 1844 soret·
897 1786 952 1830 uos
979 1787 1027 1827 me
1054 1788 1094 1828 en

107 1865 230 1922 uictore
258 1863 382 1931 vietum,
410 1875 466 1916 ees
488 1873 535 1916 me
557 1875 598 1916 ex
618 1860 805 1930 imperatore
833 1859 986 1928 captiuum
1012 1857 1093 1928 seci-

107 1951 169 2007 stis
176 1967 189 2016 ,·
207 1955 319 2020 quater
334 1948 416 2004 intre
431 1945 515 2002 nunc
527 1959 640 2002 annam
654 1945 684 2000 in
697 1957 765 2000 mea
778 1941 1092 2014 uerbajarejuraude

109 2034 257 2092 obstricti
286 2033 369 2088 estis.
414 2030 480 2088 Sed
507 2033 568 2088 ista
592 2031 715 2097 omitt0;
738 2043 837 2100 neque
860 2028 940 2084 enim
962 2029 1144 2086 miseros12

108 2119 257 2177 convicia
273 2117 391 2174 decent.
422 2143 423 2148 1
442 2114 535 2173 Unum
553 2129 623 2184 oro,
646 2115 675 2170 si
696 2115 872 2185 Antipunus
887 2119 983 2184 caput
996 2129 1094 2170 memn

103 2205 229 2278 poscit,
251 2205 333 2259 inter
354 2217 408 2258 ras
428 2216 477 2258 rne
491 2202 592 2258 uelitis
607 2200 697 2256 mori.
720 2197 790 2255 Hoc
804 2200 833 2256 si
849 2199 990 2270 impetro,
1006 2198 1092 2255 soluo
1186 2269 1189 2275 Ι

108 2284 1092 2360 uosjurrjurandn‚quototicsuossecramentumiitidevenistis.

12 2383 13 2430 t
109 2375 210 2432 Autsi
220 2373 421 2445 ipsespudet‚
431 2373 560 2443 repenti
571 2372 629 2427 uim
639 2369 799 2441 adhibere,
809 2369 929 2440 serram
941 2371 1002 2425 trac
1011 2369 1092 2438 dcte,

110 2465 142 2517 et
150 2459 338 2532 permittite,
356 2459 441 2530 quod
453 2473 508 2514 ros
520 2457 667 2528 facturos
684 2470 752 2510 esse
762 2469 826 2525 pro
838 2455 1029 2525 imperatore
1035 2454 1092 2525 ja·

12 2531 14 2552 ’
109 2546 215 2613 rastis,
233 2545 446 2615 imperatorem
455 2557 519 2614 pro
536 2541 625 2598 coitis
636 2538 1093 2610 sinereltpioncjurisjurancli

12 2619 14 2698 ζ
106 2631 229 2702 facere.
283 2619 393 2700 Quum
416 2642 483 2684 non
506 2619 681 2697 obtineret,
702 2638 817 2703 preces
835 2617 967 2678 inirem
985 2617 1143 2682 vertit.13

110 2717 150 2772 At
171 2731 243 2784 aes,
267 2707 322 2786 eit,
346 2713 457 2770 deuota
480 2714 597 2783 capita,
620 2712 793 2781 respiciant
815 2709 862 2766 dii
877 2708 1093 2782 perjuriorum

12 2871 13 2880 χ
111 2801 272 2868 uindices;
292 2799 431 2870 talesque
446 2798 534 2855 uobis
550 2797 652 2854 exitus
669 2797 750 2867 dent,
767 2794 877 2867 quales
892 2809 946 2852 aas
962 2794 1094 2852 ducibus

12 2885 13 2908 ¹
110 2888 224 2944 uestris
236 2883 375 2940 dedistis.
399 2882 514 2953 Nempe
525 2897 580 2940 uos
591 2882 683 2938 iidem
690 2882 790 2953 petalo
800 2887 872 2937 ante
884 2886 913 2937 et
923 2880 1095 2937 Perdiccae

12 3011 14 3030 .
110 2972 268 3044 sanquine
291 2969 437 3040 adspersi
459 2970 533 3026 estis
549 2976 578 3024 et
594 2968 624 3024 in
642 2967 837 3037 Antipatrum
855 2965 962 3022 eedem
985 2965 1091 3021 moliti.

12 3057 14 3098 t
116 3055 151 3116 Ut
173 3058 280 3130 msam*
298 3053 665 3126 deniquentexunrtrum,
677 3053 707 3107 si
720 3051 776 3122 sas
788 3051 912 3121 suisset,
929 3065 995 3106 cum
1011 3063 1092 3105 rner-

12 3167 13 3208 t
111 3144 168 3200 tali
190 3155 284 3198 manu
307 3139 431 3216 cadere,
455 3139 681 3206 interimemus,
704 3135 912 3192 seditionibus
935 3135 1091 3206 epitastis.

90 3239 97 3249 ¹
116 3227 226 3286 Ultima
249 3241 332 3282 nunc
354 3240 412 3298 epo
428 3225 624 3296 perfidorum
648 3223 787 3289 uictima,
810 3219 870 3276 tres
892 3219 980 3276 uobis
1002 3218 1092 3275 diras

113 3321 205 3386 atque
222 3312 356 3382 inferias
371 3311 464 3367 dieo:
486 3317 518 3366 ut
538 3311 647 3380 inopes
663 3315 867 3376 extorresque
882 3319 970 3386 ornne
986 3319 1093 3360 centua

12 3389 13 3392 ¹
112 3400 144 3456 in
165 3400 229 3456 troc
250 3397 406 3454 castrensi
428 3396 539 3474 exsilio
563 3395 683 3465 epatis,
709 3392 912 3460 (levarentque
933 3405 987 3446 aes
1004 3401 1093 3446 arma

112 3491 226 3552 uestra,
251 3483 363 3555 quibas
384 3481 491 3551 plures
514 3487 630 3536 cestros
654 3492 744 3550 prtum
768 3475 899 3531 itastium
924 3475 1020 3532 duces
1036 3475 1092 3532 ab·

111 3571 297 3642 sumpsistis.
341 3559 466 3624 Plenus
482 3557 601 3622 deinde
617 3557 686 3620 irae
702 3553 853 3618 custodes
870 3575 947 3617 suos
963 3563 1143 3638 praece-14

887 3655 922 3708 8*
