<?xml version="1.0" encoding="UTF-8"?>
<!DOCTYPE html PUBLIC "-//W3C//DTD XHTML 1.0 Transitional//EN"
    "http://www.w3.org/TR/xhtml1/DTD/xhtml1-transitional.dtd">
<html xmlns="http://www.w3.org/1999/xhtml" xml:lang="en" lang="en">
 <head>
  <title>
</title>
<meta http-equiv="Content-Type" content="text/html;charset=utf-8" />
  <meta name='ocr-system' content='tesseract 3.04.00' />
  <meta name='ocr-capabilities' content='ocr_page ocr_carea ocr_par ocr_line ocrx_word'/>
</head>
<body>
  <div class='ocr_page' id='page_1' title='image "./historiarumlibr00eitngoog_0056.png"; bbox 0 0 2658 4244; ppageno 0'>
   <div class='ocr_carea' id='block_1_1' title="bbox 496 329 1085 420">
    <p class='ocr_par' dir='ltr' id='par_1_1' title="bbox 496 329 1085 420">
     <span class='ocr_line' id='line_1_1' title="bbox 496 329 1085 420; baseline 0.003 -34"><span class='ocrx_word' id='word_1_1' title='bbox 496 335 605 388; x_wconf 77' lang='lat' dir='ltr'><strong>mssa</strong></span> <span class='ocrx_word' id='word_1_2' title='bbox 623 335 696 420; x_wconf 72' lang='lat' dir='ltr'><strong>Vlll.</strong></span> <span class='ocrx_word' id='word_1_3' title='bbox 1046 329 1085 388; x_wconf 77' lang='lat' dir='ltr'><strong>4‘l</strong></span> 
     </span>
    </p>
   </div>
   <div class='ocr_carea' id='block_1_2' title="bbox 97 484 1225 2011">
    <p class='ocr_par' dir='ltr' id='par_1_2' title="bbox 98 484 1086 572">
     <span class='ocr_line' id='line_1_2' title="bbox 98 484 1086 572; baseline 0 -24"><span class='ocrx_word' id='word_1_4' title='bbox 98 486 237 567; x_wconf 77' lang='lat' dir='ltr'><strong>darent,</strong></span> <span class='ocrx_word' id='word_1_5' title='bbox 260 508 380 572; x_wconf 86' lang='lat' dir='ltr'><strong>resque</strong></span> <span class='ocrx_word' id='word_1_6' title='bbox 399 484 534 571; x_wconf 88' lang='lat' dir='ltr'><strong>publica</strong></span> <span class='ocrx_word' id='word_1_7' title='bbox 557 505 599 550; x_wconf 86' lang='lat' dir='ltr'><strong>ex</strong></span> <span class='ocrx_word' id='word_1_8' title='bbox 621 485 819 568; x_wconf 88' lang='lat' dir='ltr'><strong>semetipsis</strong></span> <span class='ocrx_word' id='word_1_9' title='bbox 834 486 971 568; x_wconf 86' lang='lat' dir='ltr'><strong>triginta</strong></span> <span class='ocrx_word' id='word_1_10' title='bbox 985 493 1086 550; x_wconf 87' lang='lat' dir='ltr'><strong>recto—</strong></span> 
     </span>
    </p>

    <p class='ocr_par' dir='ltr' id='par_1_3' title="bbox 97 569 1225 1082">
     <span class='ocr_line' id='line_1_3' title="bbox 97 569 1086 658; baseline 0 -24"><span class='ocrx_word' id='word_1_11' title='bbox 97 593 154 636; x_wconf 86' lang='lat' dir='ltr'><strong>res</strong></span> <span class='ocrx_word' id='word_1_12' title='bbox 171 574 347 658; x_wconf 87' lang='lat' dir='ltr'><strong>acciperet.</strong></span> <span class='ocrx_word' id='word_1_13' title='bbox 378 571 417 634; x_wconf 89' lang='lat' dir='ltr'><strong>ln</strong></span> <span class='ocrx_word' id='word_1_14' title='bbox 434 570 494 634; x_wconf 91' lang='lat' dir='ltr'><strong>has</strong></span> <span class='ocrx_word' id='word_1_15' title='bbox 509 569 599 654; x_wconf 86' lang='lat' dir='ltr'><strong>leges</strong></span> <span class='ocrx_word' id='word_1_16' title='bbox 615 570 768 634; x_wconf 82' lang='lat' dir='ltr'><strong>traditam</strong></span> <span class='ocrx_word' id='word_1_17' title='bbox 784 569 847 634; x_wconf 92' lang='lat' dir='ltr'><strong>sibi</strong></span> <span class='ocrx_word' id='word_1_18' title='bbox 860 569 975 634; x_wconf 88' lang='lat' dir='ltr'><strong>urbem</strong></span> <span class='ocrx_word' id='word_1_19' title='bbox 986 569 1086 634; x_wconf 87' lang='lat' dir='ltr'><strong>Lace·</strong></span> 
     </span>
     <span class='ocr_line' id='line_1_4' title="bbox 100 653 1225 740; baseline -0.004 -20"><span class='ocrx_word' id='word_1_20' title='bbox 100 656 274 721; x_wconf 86' lang='lat' dir='ltr'><strong>daemonii</strong></span> <span class='ocrx_word' id='word_1_21' title='bbox 288 653 493 720; x_wconf 82' lang='lat' dir='ltr'><strong>formandam</strong></span> <span class='ocrx_word' id='word_1_22' title='bbox 504 654 677 740; x_wconf 78' lang='lat' dir='ltr'>Lysandro</span> <span class='ocrx_word' id='word_1_23' title='bbox 692 654 909 720; x_wconf 89' lang='lat' dir='ltr'><strong>tradiderunt.</strong></span> <span class='ocrx_word' id='word_1_24' title='bbox 939 655 1085 738; x_wconf 80' lang='lat' dir='ltr'>Insignis</span> <span class='ocrx_word' id='word_1_25' title='bbox 1096 662 1136 720; x_wconf 78' lang='lat'><strong>37</strong></span> <span class='ocrx_word' id='word_1_26' title='bbox 1153 659 1225 718; x_wconf 72' lang='lat'><em>404.</em></span> 
     </span>
     <span class='ocr_line' id='line_1_5' title="bbox 100 739 1201 826; baseline 0 -22"><span class='ocrx_word' id='word_1_27' title='bbox 100 741 159 805; x_wconf 88' lang='lat' dir='ltr'><strong>hic</strong></span> <span class='ocrx_word' id='word_1_28' title='bbox 174 764 284 804; x_wconf 89' lang='lat' dir='ltr'><strong>annus</strong></span> <span class='ocrx_word' id='word_1_29' title='bbox 300 752 332 804; x_wconf 92' lang='lat' dir='ltr'><strong>et</strong></span> <span class='ocrx_word' id='word_1_30' title='bbox 346 741 591 826; x_wconf 79' lang='lat' dir='ltr'>expugnatione</span> <span class='ocrx_word' id='word_1_31' title='bbox 603 739 809 804; x_wconf 80' lang='lat' dir='ltr'><strong>Athenarum</strong></span> <span class='ocrx_word' id='word_1_32' title='bbox 822 748 855 803; x_wconf 86' lang='lat' dir='ltr'><strong>et</strong></span> <span class='ocrx_word' id='word_1_33' title='bbox 865 749 969 803; x_wconf 87' lang='lat' dir='ltr'><strong>morte</strong></span> <span class='ocrx_word' id='word_1_34' title='bbox 982 739 1086 819; x_wconf 90' lang='lat' dir='ltr'><strong>Darii,</strong></span> <span class='ocrx_word' id='word_1_35' title='bbox 1194 765 1201 776; x_wconf 89' lang='lat'><strong>·</strong></span> 
     </span>
     <span class='ocr_line' id='line_1_6' title="bbox 100 824 1137 910; baseline 0 -20"><span class='ocrx_word' id='word_1_36' title='bbox 100 829 195 910; x_wconf 88' lang='lat' dir='ltr'><strong>regis</strong></span> <span class='ocrx_word' id='word_1_37' title='bbox 210 827 397 905; x_wconf 82' lang='lat' dir='ltr'><strong>Persarum,</strong></span> <span class='ocrx_word' id='word_1_38' title='bbox 412 825 482 890; x_wconf 84' lang='lat' dir='ltr'><strong>fuit</strong></span> <span class='ocrx_word' id='word_1_39' title='bbox 512 824 638 890; x_wconf 88' lang='lat' dir='ltr'><strong>Mutato</strong></span> <span class='ocrx_word' id='word_1_40' title='bbox 654 834 740 889; x_wconf 88' lang='lat' dir='ltr'><strong>statu</strong></span> <span class='ocrx_word' id='word_1_41' title='bbox 755 825 972 904; x_wconf 81' lang='lat' dir='ltr'><strong>Athenarum,</strong></span> <span class='ocrx_word' id='word_1_42' title='bbox 988 825 1087 888; x_wconf 88' lang='lat' dir='ltr'><strong>etiam</strong></span> <span class='ocrx_word' id='word_1_43' title='bbox 1097 831 1137 890; x_wconf 82' lang='grc'><strong>38</strong></span> 
     </span>
     <span class='ocr_line' id='line_1_7' title="bbox 101 910 1087 994; baseline -0.004 -18"><span class='ocrx_word' id='word_1_44' title='bbox 101 913 231 976; x_wconf 86' lang='lat' dir='ltr'><strong>civium</strong></span> <span class='ocrx_word' id='word_1_45' title='bbox 270 911 602 974; x_wconf 84' lang='lat' dir='ltr'><strong>condicio-mutatur.</strong></span> <span class='ocrx_word' id='word_1_46' title='bbox 668 910 821 994; x_wconf 84' lang='lat' dir='ltr'><strong>Triginta</strong></span> <span class='ocrx_word' id='word_1_47' title='bbox 854 920 997 974; x_wconf 87' lang='lat' dir='ltr'><strong>rectores</strong></span> <span class='ocrx_word' id='word_1_48' title='bbox 1026 911 1087 974; x_wconf 90' lang='lat' dir='ltr'><strong>rei-</strong></span> 
     </span>
     <span class='ocr_line' id='line_1_8' title="bbox 101 994 1087 1082; baseline 0 -22"><span class='ocrx_word' id='word_1_49' title='bbox 101 997 262 1080; x_wconf 86' lang='lat' dir='ltr'><strong>publicae</strong></span> <span class='ocrx_word' id='word_1_50' title='bbox 299 997 557 1075; x_wconf 87' lang='lat' dir='ltr'><strong>constituuntur,</strong></span> <span class='ocrx_word' id='word_1_51' title='bbox 588 996 646 1080; x_wconf 90' lang='lat' dir='ltr'><strong>qui</strong></span> <span class='ocrx_word' id='word_1_52' title='bbox 674 994 760 1058; x_wconf 86' lang='lat' dir='ltr'><strong>fiunt</strong></span> <span class='ocrx_word' id='word_1_53' title='bbox 785 998 939 1080; x_wconf 77' lang='lat' dir='ltr'><strong>tyranni3</strong></span> <span class='ocrx_word' id='word_1_54' title='bbox 964 995 1087 1082; x_wconf 88' lang='lat' dir='ltr'><strong>quippe</strong></span> 
     </span>
    </p>

    <p class='ocr_par' dir='ltr' id='par_1_4' title="bbox 103 1079 1087 1168">
     <span class='ocr_line' id='line_1_9' title="bbox 103 1079 1087 1168; baseline 0 -24"><span class='ocrx_word' id='word_1_55' title='bbox 103 1105 128 1144; x_wconf 85' lang='lat' dir='ltr'><strong>a</strong></span> <span class='ocrx_word' id='word_1_56' title='bbox 149 1081 316 1168; x_wconf 89' lang='lat' dir='ltr'><strong>principio</strong></span> <span class='ocrx_word' id='word_1_57' title='bbox 339 1081 401 1144; x_wconf 90' lang='lat' dir='ltr'><strong>tria</strong></span> <span class='ocrx_word' id='word_1_58' title='bbox 415 1079 522 1144; x_wconf 88' lang='lat' dir='ltr'><strong>millia</strong></span> <span class='ocrx_word' id='word_1_59' title='bbox 537 1079 602 1144; x_wconf 90' lang='lat' dir='ltr'><strong>sibi</strong></span> <span class='ocrx_word' id='word_1_60' title='bbox 616 1080 794 1144; x_wconf 84' lang='lat' dir='ltr'><strong>satellitum</strong></span> <span class='ocrx_word' id='word_1_61' title='bbox 811 1089 968 1159; x_wconf 89' lang='lat' dir='ltr'><strong>statuunt,</strong></span> <span class='ocrx_word' id='word_1_62' title='bbox 985 1103 1087 1166; x_wconf 89' lang='lat' dir='ltr'><strong>quan-</strong></span> 
     </span>
    </p>

    <p class='ocr_par' dir='ltr' id='par_1_5' title="bbox 102 1163 1137 1591">
     <span class='ocr_line' id='line_1_10' title="bbox 103 1163 1088 1251; baseline -0.001 -21"><span class='ocrx_word' id='word_1_63' title='bbox 103 1178 177 1230; x_wconf 85' lang='lat' dir='ltr'><strong>tum</strong></span> <span class='ocrx_word' id='word_1_64' title='bbox 195 1188 237 1228; x_wconf 89' lang='lat' dir='ltr'><strong>ex</strong></span> <span class='ocrx_word' id='word_1_65' title='bbox 252 1174 300 1228; x_wconf 91' lang='lat' dir='ltr'><strong>tot</strong></span> <span class='ocrx_word' id='word_1_66' title='bbox 315 1163 464 1228; x_wconf 83' lang='lat' dir='ltr'><strong>cladibus</strong></span> <span class='ocrx_word' id='word_1_67' title='bbox 480 1187 659 1250; x_wconf 84' lang='lat' dir='ltr'><strong>propones</strong></span> <span class='ocrx_word' id='word_1_68' title='bbox 675 1165 796 1231; x_wconf 85' lang='lat' dir='ltr'><strong>civium</strong></span> <span class='ocrx_word' id='word_1_69' title='bbox 813 1165 1036 1251; x_wconf 78' lang='lat' dir='ltr'><strong>superfuerat,</strong></span> <span class='ocrx_word' id='word_1_70' title='bbox 1056 1173 1088 1229; x_wconf 86' lang='lat' dir='ltr'><strong>et</strong></span> 
     </span>
     <span class='ocr_line' id='line_1_11' title="bbox 103 1249 1087 1337; baseline 0 -23"><span class='ocrx_word' id='word_1_71' title='bbox 103 1251 204 1337; x_wconf 91' lang='lat' dir='ltr'><strong>quasi</strong></span> <span class='ocrx_word' id='word_1_72' title='bbox 225 1271 348 1335; x_wconf 78' lang='lat' dir='ltr'><strong>parvus</strong></span> <span class='ocrx_word' id='word_1_73' title='bbox 364 1249 418 1312; x_wconf 89' lang='lat' dir='ltr'><strong>hio</strong></span> <span class='ocrx_word' id='word_1_74' title='bbox 433 1249 476 1314; x_wconf 87' lang='lat' dir='ltr'><strong>ad</strong></span> <span class='ocrx_word' id='word_1_75' title='bbox 491 1250 725 1318; x_wconf 87' lang='lat' dir='ltr'><strong>continendam</strong></span> <span class='ocrx_word' id='word_1_76' title='bbox 741 1251 907 1314; x_wconf 89' lang='lat' dir='ltr'><strong>civitatem</strong></span> <span class='ocrx_word' id='word_1_77' title='bbox 923 1252 1087 1314; x_wconf 85' lang='lat' dir='ltr'><strong>exercitus</strong></span> 
     </span>
     <span class='ocr_line' id='line_1_12' title="bbox 102 1335 1087 1420; baseline -0.004 -20"><span class='ocrx_word' id='word_1_78' title='bbox 102 1345 210 1414; x_wconf 90' lang='lat' dir='ltr'><strong>esset,</strong></span> <span class='ocrx_word' id='word_1_79' title='bbox 249 1336 473 1419; x_wconf 87' lang='lat' dir='ltr'><strong>septingentos</strong></span> <span class='ocrx_word' id='word_1_80' title='bbox 503 1335 625 1400; x_wconf 88' lang='lat' dir='ltr'><strong>milites</strong></span> <span class='ocrx_word' id='word_1_81' title='bbox 655 1358 675 1399; x_wconf 92' lang='lat' dir='ltr'><strong>a</strong></span> <span class='ocrx_word' id='word_1_82' title='bbox 704 1335 885 1400; x_wconf 86' lang='lat' dir='ltr'><strong>victoribus</strong></span> <span class='ocrx_word' id='word_1_83' title='bbox 911 1337 1087 1420; x_wconf 88' lang='lat' dir='ltr'><strong>accipiunt.</strong></span> 
     </span>
     <span class='ocr_line' id='line_1_13' title="bbox 104 1419 1137 1505; baseline 0.001 -20"><span class='ocrx_word' id='word_1_84' title='bbox 104 1420 237 1485; x_wconf 83' lang='lat' dir='ltr'><strong>Caedes</strong></span> <span class='ocrx_word' id='word_1_85' title='bbox 259 1419 378 1484; x_wconf 90' lang='lat' dir='ltr'><strong>deinde</strong></span> <span class='ocrx_word' id='word_1_86' title='bbox 401 1421 524 1484; x_wconf 86' lang='lat' dir='ltr'><strong>civium</strong></span> <span class='ocrx_word' id='word_1_87' title='bbox 547 1419 588 1484; x_wconf 91' lang='lat' dir='ltr'><strong>ab</strong></span> <span class='ocrx_word' id='word_1_88' title='bbox 611 1420 786 1486; x_wconf 80' lang='lat' dir='ltr'><strong>Alcibiade</strong></span> <span class='ocrx_word' id='word_1_89' title='bbox 802 1423 1028 1505; x_wconf 86' lang='lat' dir='ltr'><strong>auspicantur,</strong></span> <span class='ocrx_word' id='word_1_90' title='bbox 1045 1429 1137 1486; x_wconf 82' lang='lat' dir='ltr'><strong>ne39</strong></span> 
     </span>
     <span class='ocr_line' id='line_1_14' title="bbox 102 1505 1088 1591; baseline 0 -21"><span class='ocrx_word' id='word_1_91' title='bbox 102 1509 228 1578; x_wconf 87' lang='lat' dir='ltr'><strong>iterum</strong></span> <span class='ocrx_word' id='word_1_92' title='bbox 250 1505 487 1591; x_wconf 83' lang='lat' dir='ltr'><strong>rempublicam</strong></span> <span class='ocrx_word' id='word_1_93' title='bbox 507 1505 569 1568; x_wconf 88' lang='lat' dir='ltr'><strong>sub</strong></span> <span class='ocrx_word' id='word_1_94' title='bbox 585 1505 722 1570; x_wconf 89' lang='lat' dir='ltr'><strong>obtentu</strong></span> <span class='ocrx_word' id='word_1_95' title='bbox 737 1505 941 1571; x_wconf 85' lang='lat' dir='ltr'><strong>liberationis</strong></span> <span class='ocrx_word' id='word_1_96' title='bbox 955 1505 1088 1570; x_wconf 86' lang='lat' dir='ltr'><strong>invade-</strong></span> 
     </span>
    </p>

    <p class='ocr_par' dir='ltr' id='par_1_6' title="bbox 104 1590 1088 1676">
     <span class='ocr_line' id='line_1_15' title="bbox 104 1590 1088 1676; baseline 0 -22"><span class='ocrx_word' id='word_1_97' title='bbox 104 1600 166 1655; x_wconf 87' lang='lat' dir='ltr'><strong>ret</strong></span> <span class='ocrx_word' id='word_1_98' title='bbox 200 1590 306 1670; x_wconf 78' lang='lat' dir='ltr'><strong>Quem</strong></span> <span class='ocrx_word' id='word_1_99' title='bbox 329 1612 432 1676; x_wconf 90' lang='lat' dir='ltr'><strong>quum</strong></span> <span class='ocrx_word' id='word_1_100' title='bbox 453 1590 636 1674; x_wconf 86' lang='lat' dir='ltr'><strong>profectum</strong></span> <span class='ocrx_word' id='word_1_101' title='bbox 658 1591 701 1656; x_wconf 88' lang='lat' dir='ltr'><strong>ad</strong></span> <span class='ocrx_word' id='word_1_102' title='bbox 723 1593 961 1670; x_wconf 83' lang='lat' dir='ltr'><strong>Artaxerxem,</strong></span> <span class='ocrx_word' id='word_1_103' title='bbox 975 1591 1088 1655; x_wconf 88' lang='lat' dir='ltr'><strong>Persa-</strong></span> 
     </span>
    </p>

    <p class='ocr_par' dir='ltr' id='par_1_7' title="bbox 104 1676 1089 1762">
     <span class='ocr_line' id='line_1_16' title="bbox 104 1676 1089 1762; baseline 0.001 -23"><span class='ocrx_word' id='word_1_104' title='bbox 104 1699 183 1740; x_wconf 88' lang='lat' dir='ltr'><strong>rum</strong></span> <span class='ocrx_word' id='word_1_105' title='bbox 198 1697 320 1760; x_wconf 84' lang='lat' dir='ltr'><strong>regem,</strong></span> <span class='ocrx_word' id='word_1_106' title='bbox 337 1676 584 1762; x_wconf 88' lang='lat' dir='ltr'><strong>comperissent,</strong></span> <span class='ocrx_word' id='word_1_107' title='bbox 600 1678 698 1740; x_wconf 85' lang='lat' dir='ltr'><strong>citato</strong></span> <span class='ocrx_word' id='word_1_108' title='bbox 714 1678 833 1742; x_wconf 88' lang='lat' dir='ltr'><strong>itinere</strong></span> <span class='ocrx_word' id='word_1_109' title='bbox 843 1677 1015 1754; x_wconf 87' lang='lat' dir='ltr'><strong>miserunt,</strong></span> <span class='ocrx_word' id='word_1_110' title='bbox 1031 1677 1089 1761; x_wconf 91' lang='lat' dir='ltr'><strong>qui</strong></span> 
     </span>
    </p>

    <p class='ocr_par' dir='ltr' id='par_1_8' title="bbox 105 1759 1089 1932">
     <span class='ocr_line' id='line_1_17' title="bbox 105 1759 1089 1846; baseline -0.001 -21"><span class='ocrx_word' id='word_1_111' title='bbox 105 1783 185 1825; x_wconf 90' lang='lat' dir='ltr'><strong>eum</strong></span> <span class='ocrx_word' id='word_1_112' title='bbox 207 1761 457 1846; x_wconf 81' lang='lat' dir='ltr'><strong>interciperent3</strong></span> <span class='ocrx_word' id='word_1_113' title='bbox 483 1783 503 1824; x_wconf 91' lang='lat' dir='ltr'><strong>a</strong></span> <span class='ocrx_word' id='word_1_114' title='bbox 518 1760 638 1846; x_wconf 91' lang='lat' dir='ltr'><strong>quibus</strong></span> <span class='ocrx_word' id='word_1_115' title='bbox 653 1772 849 1846; x_wconf 86' lang='lat' dir='ltr'><strong>occupatus,</strong></span> <span class='ocrx_word' id='word_1_116' title='bbox 865 1783 967 1846; x_wconf 88' lang='lat' dir='ltr'><strong>quum</strong></span> <span class='ocrx_word' id='word_1_117' title='bbox 983 1759 1089 1824; x_wconf 86' lang='lat' dir='ltr'><strong>occidi</strong></span> 
     </span>
     <span class='ocr_line' id='line_1_18' title="bbox 106 1844 1089 1932; baseline -0.002 -22"><span class='ocrx_word' id='word_1_118' title='bbox 106 1855 222 1932; x_wconf 86' lang='lat' dir='ltr'><strong>aperte</strong></span> <span class='ocrx_word' id='word_1_119' title='bbox 245 1867 312 1910; x_wconf 89' lang='lat' dir='ltr'><strong>non</strong></span> <span class='ocrx_word' id='word_1_120' title='bbox 334 1855 460 1931; x_wconf 88' lang='lat' dir='ltr'><strong>posset,</strong></span> <span class='ocrx_word' id='word_1_121' title='bbox 475 1845 573 1910; x_wconf 90' lang='lat' dir='ltr'><strong>vivus</strong></span> <span class='ocrx_word' id='word_1_122' title='bbox 588 1847 623 1908; x_wconf 90' lang='lat' dir='ltr'><strong>in</strong></span> <span class='ocrx_word' id='word_1_123' title='bbox 638 1844 802 1926; x_wconf 91' lang='lat' dir='ltr'><strong>cubiculo,</strong></span> <span class='ocrx_word' id='word_1_124' title='bbox 817 1847 854 1909; x_wconf 92' lang='lat' dir='ltr'><strong>in</strong></span> <span class='ocrx_word' id='word_1_125' title='bbox 870 1867 936 1930; x_wconf 90' lang='lat' dir='ltr'><strong>quo</strong></span> <span class='ocrx_word' id='word_1_126' title='bbox 951 1844 1089 1909; x_wconf 90' lang='lat' dir='ltr'><strong>dormie-</strong></span> 
     </span>
    </p>

    <p class='ocr_par' dir='ltr' id='par_1_9' title="bbox 104 1931 429 2011">
     <span class='ocr_line' id='line_1_19' title="bbox 104 1931 429 2011; baseline 0 -17"><span class='ocrx_word' id='word_1_127' title='bbox 104 1931 176 2011; x_wconf 86' lang='lat' dir='ltr'><strong>bat,</strong></span> <span class='ocrx_word' id='word_1_128' title='bbox 192 1940 354 1996; x_wconf 87' lang='lat' dir='ltr'><strong>crematus</strong></span> <span class='ocrx_word' id='word_1_129' title='bbox 372 1939 429 1995; x_wconf 86' lang='lat' dir='ltr'><strong>est</strong></span> 
     </span>
    </p>
   </div>
   <div class='ocr_carea' id='block_1_3' title="bbox 357 2083 849 2238">
    <p class='ocr_par' dir='ltr' id='par_1_10' title="bbox 357 2083 849 2244">
     <span class='ocr_line' id='line_1_20' title="bbox 357 2083 849 2238; baseline 0.004 -18"><span class='ocrx_word' id='word_1_130' title='bbox 357 2083 725 2238; x_wconf 56' lang='lat' dir='ltr'><strong>rurayouriiilrldinos</strong></span> <span class='ocrx_word' id='word_1_131' title='bbox 743 2168 849 2223; x_wconf 79' lang='lat' dir='ltr'><strong>vineit.</strong></span> 
     </span>
    </p>
   </div>
   <div class='ocr_carea' id='block_1_4' title="bbox 109 2267 1145 3293">
    <p class='ocr_par' dir='ltr' id='par_1_11' title="bbox 109 2267 1145 3293">
     <span class='ocr_line' id='line_1_21' title="bbox 174 2267 1143 2354; baseline 0.004 -22"><span class='ocrx_word' id='word_1_132' title='bbox 174 2267 321 2332; x_wconf 83' lang='lat' dir='ltr'><strong>Liberati</strong></span> <span class='ocrx_word' id='word_1_133' title='bbox 348 2268 410 2332; x_wconf 92' lang='lat' dir='ltr'><strong>hoc</strong></span> <span class='ocrx_word' id='word_1_134' title='bbox 434 2267 549 2334; x_wconf 86' lang='lat' dir='ltr'><strong>ultoris</strong></span> <span class='ocrx_word' id='word_1_135' title='bbox 572 2280 663 2334; x_wconf 88' lang='lat' dir='ltr'><strong>metu</strong></span> <span class='ocrx_word' id='word_1_136' title='bbox 685 2271 818 2354; x_wconf 88' lang='lat' dir='ltr'><strong>tyranni</strong></span> <span class='ocrx_word' id='word_1_137' title='bbox 839 2272 977 2336; x_wconf 88' lang='lat' dir='ltr'><strong>miseras</strong></span> <span class='ocrx_word' id='word_1_138' title='bbox 1001 2270 1143 2336; x_wconf 79' lang='lat' dir='ltr'><strong>urbis40</strong></span> 
     </span>
     <span class='ocr_line' id='line_1_22' title="bbox 109 2352 1092 2502; baseline 0 -84"><span class='ocrx_word' id='word_1_139' title='bbox 109 2353 268 2502; x_wconf 35' lang='lat' dir='ltr'><strong>reliquias</strong></span> <span class='ocrx_word' id='word_1_140' title='bbox 284 2352 442 2418; x_wconf 90' lang='lat' dir='ltr'><strong>caedibus</strong></span> <span class='ocrx_word' id='word_1_141' title='bbox 458 2363 489 2417; x_wconf 91' lang='lat' dir='ltr'><strong>et</strong></span> <span class='ocrx_word' id='word_1_142' title='bbox 500 2356 625 2441; x_wconf 87' lang='lat' dir='ltr'><strong>rapinis</strong></span> <span class='ocrx_word' id='word_1_143' title='bbox 639 2356 848 2419; x_wconf 89' lang='lat' dir='ltr'><strong>exhauriunt.</strong></span> <span class='ocrx_word' id='word_1_144' title='bbox 879 2355 977 2435; x_wconf 77' lang='lat' dir='ltr'><strong>Quod</strong></span> <span class='ocrx_word' id='word_1_145' title='bbox 990 2378 1092 2442; x_wconf 93' lang='lat' dir='ltr'><strong>quum</strong></span> 
     </span>
     <span class='ocr_line' id='line_1_23' title="bbox 111 2439 1092 2524; baseline -0.001 -20"><span class='ocrx_word' id='word_1_146' title='bbox 111 2439 185 2524; x_wconf 89' lang='lat' dir='ltr'><strong>disp</strong></span> <span class='ocrx_word' id='word_1_147' title='bbox 201 2441 288 2502; x_wconf 86' lang='lat' dir='ltr'><strong>icere</strong></span> <span class='ocrx_word' id='word_1_148' title='bbox 311 2440 371 2502; x_wconf 91' lang='lat' dir='ltr'><strong>uni</strong></span> <span class='ocrx_word' id='word_1_149' title='bbox 385 2461 428 2502; x_wconf 92' lang='lat' dir='ltr'><strong>ex</strong></span> <span class='ocrx_word' id='word_1_150' title='bbox 444 2461 581 2506; x_wconf 90' lang='lat' dir='ltr'><strong>numero</strong></span> <span class='ocrx_word' id='word_1_151' title='bbox 598 2462 657 2504; x_wconf 90' lang='lat' dir='ltr'><strong>suo</strong></span> <span class='ocrx_word' id='word_1_152' title='bbox 673 2440 874 2504; x_wconf 86' lang='lat' dir='ltr'><strong>Therameni</strong></span> <span class='ocrx_word' id='word_1_153' title='bbox 890 2440 1092 2520; x_wconf 84' lang='lat' dir='ltr'><strong>didicissent,</strong></span> 
     </span>
     <span class='ocr_line' id='line_1_24' title="bbox 109 2524 1094 2610; baseline 0 -22"><span class='ocrx_word' id='word_1_154' title='bbox 109 2526 222 2608; x_wconf 86' lang='lat' dir='ltr'><strong>ipsum</strong></span> <span class='ocrx_word' id='word_1_155' title='bbox 246 2545 311 2610; x_wconf 89' lang='lat' dir='ltr'><strong>quo</strong></span> <span class='ocrx_word' id='word_1_156' title='bbox 335 2546 377 2588; x_wconf 90' lang='lat' dir='ltr'><strong>ue</strong></span> <span class='ocrx_word' id='word_1_157' title='bbox 398 2524 441 2588; x_wconf 87' lang='lat' dir='ltr'><strong>ad</strong></span> <span class='ocrx_word' id='word_1_158' title='bbox 462 2534 619 2590; x_wconf 88' lang='lat' dir='ltr'><strong>terrorem</strong></span> <span class='ocrx_word' id='word_1_159' title='bbox 635 2526 781 2589; x_wconf 91' lang='lat' dir='ltr'><strong>omnium</strong></span> <span class='ocrx_word' id='word_1_160' title='bbox 798 2525 1009 2589; x_wconf 86' lang='lat' dir='ltr'><strong>interficiunt</strong></span> <span class='ocrx_word' id='word_1_161' title='bbox 1038 2527 1094 2588; x_wconf 84' lang='lat' dir='ltr'><strong>Fit</strong></span> 
     </span>
     <span class='ocr_line' id='line_1_25' title="bbox 110 2609 1093 2696; baseline 0.002 -24"><span class='ocrx_word' id='word_1_162' title='bbox 110 2610 215 2694; x_wconf 86' lang='lat' dir='ltr'><strong>igitur</strong></span> <span class='ocrx_word' id='word_1_163' title='bbox 230 2631 274 2672; x_wconf 87' lang='lat' dir='ltr'><strong>ex</strong></span> <span class='ocrx_word' id='word_1_164' title='bbox 289 2631 328 2672; x_wconf 92' lang='lat' dir='ltr'><strong>ur</strong></span> <span class='ocrx_word' id='word_1_165' title='bbox 352 2631 370 2674; x_wconf 89' lang='lat' dir='ltr'><strong>e</strong></span> <span class='ocrx_word' id='word_1_166' title='bbox 385 2611 509 2693; x_wconf 86' lang='lat' dir='ltr'><strong>passim</strong></span> <span class='ocrx_word' id='word_1_167' title='bbox 521 2612 643 2676; x_wconf 89' lang='lat' dir='ltr'><strong>civium</strong></span> <span class='ocrx_word' id='word_1_168' title='bbox 659 2610 750 2696; x_wconf 86' lang='lat' dir='ltr'><strong>fuga,</strong></span> <span class='ocrx_word' id='word_1_169' title='bbox 765 2609 977 2696; x_wconf 88' lang='lat' dir='ltr'><strong>repleturque</strong></span> <span class='ocrx_word' id='word_1_170' title='bbox 993 2609 1093 2674; x_wconf 83' lang='lat' dir='ltr'><strong>Grae-</strong></span> 
     </span>
     <span class='ocr_line' id='line_1_26' title="bbox 111 2693 1139 2779; baseline 0 -21"><span class='ocrx_word' id='word_1_171' title='bbox 111 2697 165 2758; x_wconf 87' lang='lat' dir='ltr'><strong>cia</strong></span> <span class='ocrx_word' id='word_1_172' title='bbox 184 2693 442 2758; x_wconf 87' lang='lat' dir='ltr'><strong>Atheniensium</strong></span> <span class='ocrx_word' id='word_1_173' title='bbox 466 2695 647 2759; x_wconf 89' lang='lat' dir='ltr'><strong>exsulibus.</strong></span> <span class='ocrx_word' id='word_1_174' title='bbox 684 2695 782 2776; x_wconf 77' lang='lat' dir='ltr'><strong>Quod</strong></span> <span class='ocrx_word' id='word_1_175' title='bbox 798 2696 896 2759; x_wconf 89' lang='lat' dir='ltr'><strong>etiam</strong></span> <span class='ocrx_word' id='word_1_176' title='bbox 912 2697 1021 2779; x_wconf 91' lang='lat' dir='ltr'><strong>ipsum</strong></span> <span class='ocrx_word' id='word_1_177' title='bbox 1038 2703 1139 2760; x_wconf 73' lang='lat' dir='ltr'><strong>au-ll</strong></span> 
     </span>
     <span class='ocr_line' id='line_1_27' title="bbox 110 2779 1092 2866; baseline 0.002 -24"><span class='ocrx_word' id='word_1_178' title='bbox 110 2779 232 2842; x_wconf 79' lang='lat' dir='ltr'><strong>xillum</strong></span> <span class='ocrx_word' id='word_1_179' title='bbox 250 2801 352 2864; x_wconf 90' lang='lat' dir='ltr'><strong>quum</strong></span> <span class='ocrx_word' id='word_1_180' title='bbox 367 2779 496 2844; x_wconf 88' lang='lat' dir='ltr'><strong>miseris</strong></span> <span class='ocrx_word' id='word_1_181' title='bbox 513 2781 695 2864; x_wconf 87' lang='lat' dir='ltr'><strong>eriperetur</strong></span> <span class='ocrx_word' id='word_1_182' title='bbox 711 2782 802 2866; x_wconf 88' lang='lat' dir='ltr'><strong>(nam</strong></span> <span class='ocrx_word' id='word_1_183' title='bbox 816 2781 1092 2846; x_wconf 88' lang='lat' dir='ltr'><strong>Lacedaemonio·</strong></span> 
     </span>
     <span class='ocr_line' id='line_1_28' title="bbox 112 2863 1092 2952; baseline 0 -24"><span class='ocrx_word' id='word_1_184' title='bbox 112 2887 187 2928; x_wconf 91' lang='lat' dir='ltr'><strong>rum</strong></span> <span class='ocrx_word' id='word_1_185' title='bbox 204 2863 312 2928; x_wconf 87' lang='lat' dir='ltr'><strong>edicto</strong></span> <span class='ocrx_word' id='word_1_186' title='bbox 331 2864 481 2929; x_wconf 87' lang='lat' dir='ltr'><strong>civitates</strong></span> <span class='ocrx_word' id='word_1_187' title='bbox 497 2865 628 2930; x_wconf 86' lang='lat' dir='ltr'><strong>exsules</strong></span> <span class='ocrx_word' id='word_1_188' title='bbox 648 2867 794 2949; x_wconf 88' lang='lat' dir='ltr'><strong>recipere</strong></span> <span class='ocrx_word' id='word_1_189' title='bbox 808 2866 1092 2952; x_wconf 86' lang='lat' dir='ltr'><strong>prohibebantur),</strong></span> 
     </span>
     <span class='ocr_line' id='line_1_29' title="bbox 111 2949 1093 3034; baseline -0.002 -20"><span class='ocrx_word' id='word_1_190' title='bbox 111 2970 229 3014; x_wconf 88' lang='lat' dir='ltr'><strong>omnes</strong></span> <span class='ocrx_word' id='word_1_191' title='bbox 252 2971 287 3014; x_wconf 91' lang='lat' dir='ltr'><strong>se</strong></span> <span class='ocrx_word' id='word_1_192' title='bbox 302 2951 410 3034; x_wconf 84' lang='lat' dir='ltr'><strong>Argos</strong></span> <span class='ocrx_word' id='word_1_193' title='bbox 434 2959 467 3013; x_wconf 92' lang='lat' dir='ltr'><strong>et</strong></span> <span class='ocrx_word' id='word_1_194' title='bbox 482 2949 614 3014; x_wconf 86' lang='lat' dir='ltr'><strong>Thebas</strong></span> <span class='ocrx_word' id='word_1_195' title='bbox 630 2950 808 3015; x_wconf 88' lang='lat' dir='ltr'><strong>contulere.</strong></span> <span class='ocrx_word' id='word_1_196' title='bbox 836 2950 889 3014; x_wconf 92' lang='lat' dir='ltr'><strong>Ibi</strong></span> <span class='ocrx_word' id='word_1_197' title='bbox 905 2972 971 3014; x_wconf 91' lang='lat' dir='ltr'><strong>non</strong></span> <span class='ocrx_word' id='word_1_198' title='bbox 987 2949 1093 3015; x_wconf 93' lang='lat' dir='ltr'><strong>solum</strong></span> 
     </span>
     <span class='ocr_line' id='line_1_30' title="bbox 110 3033 1094 3121; baseline 0.001 -23"><span class='ocrx_word' id='word_1_199' title='bbox 110 3042 221 3098; x_wconf 89' lang='lat' dir='ltr'><strong>tntum</strong></span> <span class='ocrx_word' id='word_1_200' title='bbox 246 3033 401 3098; x_wconf 89' lang='lat' dir='ltr'><strong>exsilium</strong></span> <span class='ocrx_word' id='word_1_201' title='bbox 423 3045 577 3120; x_wconf 86' lang='lat' dir='ltr'><strong>egerunt,</strong></span> <span class='ocrx_word' id='word_1_202' title='bbox 599 3058 715 3099; x_wconf 85' lang='lat' dir='ltr'><strong>verum</strong></span> <span class='ocrx_word' id='word_1_203' title='bbox 739 3036 837 3100; x_wconf 90' lang='lat' dir='ltr'><strong>etiarn</strong></span> <span class='ocrx_word' id='word_1_204' title='bbox 853 3057 945 3120; x_wconf 90' lang='lat' dir='ltr'><strong>spem</strong></span> <span class='ocrx_word' id='word_1_205' title='bbox 960 3057 1094 3121; x_wconf 87' lang='lat' dir='ltr'><strong>recupe-</strong></span> 
     </span>
     <span class='ocr_line' id='line_1_31' title="bbox 110 3119 1145 3206; baseline 0.001 -23"><span class='ocrx_word' id='word_1_206' title='bbox 110 3119 239 3183; x_wconf 88' lang='lat' dir='ltr'><strong>randae</strong></span> <span class='ocrx_word' id='word_1_207' title='bbox 260 3119 387 3205; x_wconf 91' lang='lat' dir='ltr'><strong>patriae</strong></span> <span class='ocrx_word' id='word_1_208' title='bbox 408 3129 613 3206; x_wconf 88' lang='lat' dir='ltr'><strong>receperunt.</strong></span> <span class='ocrx_word' id='word_1_209' title='bbox 650 3120 732 3184; x_wconf 86' lang='lat' dir='ltr'><strong>Erat</strong></span> <span class='ocrx_word' id='word_1_210' title='bbox 745 3121 831 3184; x_wconf 93' lang='lat' dir='ltr'><strong>inter</strong></span> <span class='ocrx_word' id='word_1_211' title='bbox 845 3119 976 3184; x_wconf 90' lang='lat' dir='ltr'><strong>exsules</strong></span> <span class='ocrx_word' id='word_1_212' title='bbox 992 3119 1145 3184; x_wconf 78' lang='lat' dir='ltr'><strong>Thra-42</strong></span> 
     </span>
     <span class='ocr_line' id='line_1_32' title="bbox 111 3203 1094 3293; baseline 0.001 -24"><span class='ocrx_word' id='word_1_213' title='bbox 111 3203 272 3290; x_wconf 86' lang='lat' dir='ltr'><strong>sybulus,</strong></span> <span class='ocrx_word' id='word_1_214' title='bbox 294 3206 347 3269; x_wconf 86' lang='lat' dir='ltr'><strong>vir</strong></span> <span class='ocrx_word' id='word_1_215' title='bbox 367 3213 520 3269; x_wconf 90' lang='lat' dir='ltr'><strong>strenuus</strong></span> <span class='ocrx_word' id='word_1_216' title='bbox 545 3217 577 3269; x_wconf 90' lang='lat' dir='ltr'><strong>et</strong></span> <span class='ocrx_word' id='word_1_217' title='bbox 598 3204 737 3286; x_wconf 88' lang='lat' dir='ltr'><strong>nobilis,</strong></span> <span class='ocrx_word' id='word_1_218' title='bbox 760 3206 817 3293; x_wconf 91' lang='lat' dir='ltr'><strong>qui</strong></span> <span class='ocrx_word' id='word_1_219' title='bbox 832 3204 1022 3269; x_wconf 88' lang='lat' dir='ltr'><strong>audendum</strong></span> <span class='ocrx_word' id='word_1_220' title='bbox 1038 3205 1094 3270; x_wconf 89' lang='lat' dir='ltr'><strong>ali-</strong></span> 
     </span>
    </p>
   </div>
   <div class='ocr_carea' id='block_1_5' title="bbox 111 3289 1145 3634">
    <p class='ocr_par' dir='ltr' id='par_1_12' title="bbox 112 3289 1095 3457">
     <span class='ocr_line' id='line_1_33' title="bbox 112 3289 1094 3377; baseline 0.003 -24"><span class='ocrx_word' id='word_1_221' title='bbox 112 3289 197 3376; x_wconf 89' lang='lat' dir='ltr'><strong>quid</strong></span> <span class='ocrx_word' id='word_1_222' title='bbox 220 3311 281 3373; x_wconf 93' lang='lat' dir='ltr'><strong>pro</strong></span> <span class='ocrx_word' id='word_1_223' title='bbox 303 3291 411 3376; x_wconf 88' lang='lat' dir='ltr'><strong>patria</strong></span> <span class='ocrx_word' id='word_1_224' title='bbox 433 3300 467 3354; x_wconf 92' lang='lat' dir='ltr'><strong>et</strong></span> <span class='ocrx_word' id='word_1_225' title='bbox 486 3313 546 3377; x_wconf 93' lang='lat' dir='ltr'><strong>pro</strong></span> <span class='ocrx_word' id='word_1_226' title='bbox 568 3291 676 3355; x_wconf 90' lang='lat' dir='ltr'><strong>salute</strong></span> <span class='ocrx_word' id='word_1_227' title='bbox 698 3293 882 3370; x_wconf 90' lang='lat' dir='ltr'><strong>communi,</strong></span> <span class='ocrx_word' id='word_1_228' title='bbox 905 3292 1003 3354; x_wconf 88' lang='lat' dir='ltr'><strong>etiam</strong></span> <span class='ocrx_word' id='word_1_229' title='bbox 1019 3312 1094 3357; x_wconf 91' lang='lat' dir='ltr'><strong>cum</strong></span> 
     </span>
     <span class='ocr_line' id='line_1_34' title="bbox 136 3374 1095 3457; baseline 0.001 -18"><span class='ocrx_word' id='word_1_230' title='bbox 136 3375 262 3439; x_wconf 86' lang='lat' dir='ltr'><strong>ericulo</strong></span> <span class='ocrx_word' id='word_1_231' title='bbox 277 3383 384 3455; x_wconf 89' lang='lat' dir='ltr'><strong>ratus,</strong></span> <span class='ocrx_word' id='word_1_232' title='bbox 401 3374 553 3440; x_wconf 88' lang='lat' dir='ltr'><strong>adunatis</strong></span> <span class='ocrx_word' id='word_1_233' title='bbox 570 3376 758 3457; x_wconf 80' lang='lat' dir='ltr'><strong>exsulibus,</strong></span> <span class='ocrx_word' id='word_1_234' title='bbox 779 3375 951 3440; x_wconf 90' lang='lat' dir='ltr'><strong>castellum</strong></span> <span class='ocrx_word' id='word_1_235' title='bbox 966 3377 1095 3442; x_wconf 88' lang='lat' dir='ltr'><strong>Atticae</strong></span> 
     </span>
    </p>

    <p class='ocr_par' dir='ltr' id='par_1_13' title="bbox 111 3399 1145 3548">
     <span class='ocr_line' id='line_1_35' title="bbox 111 3399 1145 3548; baseline 0.002 -24"><span class='ocrx_word' id='word_1_236' title='bbox 111 3399 246 3544; x_wconf 71' lang='lat' dir='ltr'><strong>l&#39;hylen</strong></span> <span class='ocrx_word' id='word_1_237' title='bbox 267 3470 416 3545; x_wconf 83' lang='lat' dir='ltr'><strong>occupat.</strong></span> <span class='ocrx_word' id='word_1_238' title='bbox 448 3461 519 3526; x_wconf 88' lang='lat' dir='ltr'><strong>Nec</strong></span> <span class='ocrx_word' id='word_1_239' title='bbox 539 3461 652 3526; x_wconf 89' lang='lat' dir='ltr'><strong>deerat</strong></span> <span class='ocrx_word' id='word_1_240' title='bbox 674 3459 880 3548; x_wconf 86' lang='lat' dir='ltr'><strong>quarundam</strong></span> <span class='ocrx_word' id='word_1_241' title='bbox 911 3463 1145 3527; x_wconf 84' lang='lat' dir='ltr'><strong>civitatimn43</strong></span> 
     </span>
    </p>

    <p class='ocr_par' dir='ltr' id='par_1_14' title="bbox 112 3544 1095 3634">
     <span class='ocr_line' id='line_1_36' title="bbox 112 3544 1095 3634; baseline 0.001 -25"><span class='ocrx_word' id='word_1_242' title='bbox 112 3555 181 3609; x_wconf 83' lang='lat' dir='ltr'><strong>tam</strong></span> <span class='ocrx_word' id='word_1_243' title='bbox 205 3544 356 3609; x_wconf 88' lang='lat' dir='ltr'><strong>crudeles</strong></span> <span class='ocrx_word' id='word_1_244' title='bbox 377 3567 473 3610; x_wconf 88' lang='lat' dir='ltr'><strong>casus</strong></span> <span class='ocrx_word' id='word_1_245' title='bbox 489 3547 715 3612; x_wconf 89' lang='lat' dir='ltr'><strong>miserantium</strong></span> <span class='ocrx_word' id='word_1_246' title='bbox 731 3547 834 3612; x_wconf 85' lang='lat' dir='ltr'><strong>favor.</strong></span> <span class='ocrx_word' id='word_1_247' title='bbox 865 3548 982 3634; x_wconf 87' lang='lat' dir='ltr'><strong>ltaque</strong></span> <span class='ocrx_word' id='word_1_248' title='bbox 996 3548 1095 3612; x_wconf 84' lang='lat' dir='ltr'><strong>lame-</strong></span> 
     </span>
    </p>
   </div>
   <div class='ocr_carea' id='block_1_6' title="bbox 0 0 1352 4244">
    <p class='ocr_par' dir='ltr' id='par_1_15' title="bbox 0 0 1352 4244">
     <span class='ocr_line' id='line_1_37' title="bbox 0 0 1352 4244; baseline 0 0"><span class='ocrx_word' id='word_1_249' title='bbox 0 0 1352 4244; x_wconf 95' lang='lat' dir='ltr'><strong> </strong></span> 
     </span>
    </p>
   </div>
  </div>
 </body>
</html>
