2666 4246
448 387 450 394 ν
478 359 587 411 LIBER
603 359 675 412 XXI.
753 354 756 365 '
1001 353 1059 416 129

84 537 162 577 eum
186 535 326 598 regnum
349 513 443 599 Epiri
465 513 570 578 tenuit
593 513 679 576 etin
700 513 797 576 Italia
815 511 902 576 bollo
919 521 1009 596 gesto
1024 513 1068 575 in'

84 600 226 664 Bruttiis
242 599 375 664 interiit.
400 599 479 662 Post
493 599 563 684 ejus
579 607 715 662 mortem
729 598 996 680 fraterAcacides
1012 619 1059 660 re-

85 708 150 770 gno
169 686 335 766 successit,
352 686 408 772 qui
423 684 563 748 assiduis
580 685 737 748 adversus
753 684 949 748 Macedones
964 683 1060 747 bellis

84 771 249 857 populum
278 769 445 856 fatigando
476 771 632 834 offensam
662 771 783 833 civium
814 771 991 851 contraxit,
1023 791 1060 832 ac

85 867 262 944 propterea
286 859 321 934 in
344 856 498 920 exsilium
520 866 610 920 actus
627 856 789 942 Pyrrhum
804 856 909 920 filium
920 857 1060 920 unicum

85 943 267 1007 admodum
289 943 465 1028 parvulum
480 943 515 1005 in
530 957 631 1026 regn'o
653 941 793 1042 reliquit.
838 942 903 1023 Qui
927 951 958 1006 et
980 943 1089 1028 ipse,5

86 1052 190 1115 quum
208 1051 228 1093 a
241 1029 365 1116 populo
378 1037 512 1116 propter
526 1027 638 1092 odium
652 1036 755 1114 patris
771 1027 813 1092 ad
833 1050 948 1092 necem
965 1049 1060 1114 quae-

85 1125 231 1196 reretur,
254 1114 365 1178 furtim
385 1113 568 1180 subtractus
588 1115 622 1176 in
637 1113 767 1198 Illyrios
781 1113 941 1194 defertur,
964 1112 1060 1176 tradi·

85 1212 208 1288 tusque
224 1209 273 1265 est
286 1200 426 1283 Beroae,
451 1199 609 1264 Glauciae
628 1201 714 1284 regis
729 1201 839 1277 uxori,
855 1199 1060 1280 nutriendus,

86 1309 174 1373 quae
195 1295 227 1350 et
247 1287 321 1372 ipsa
340 1307 443 1370 genus
459 1286 677 1350 Aeacidarum
693 1295 770 1348 erat.
815 1285 866 1349 Ibi
889 1307 980 1366 eum,
1003 1307 1060 1358 seu
1087 1287 1091 1296 '

85 1373 312 1436 misericordia
319 1373 468 1436 fortunae
480 1373 560 1458 ejus,
573 1393 630 1434 seu
638 1371 846 1436 'infantilibus
858 1371 1061 1436 blandimen-

86 1460 129 1522 tis
145 1457 302 1522 inductus
322 1479 382 1522 rex
407 1458 581 1522 adversum
598 1457 833 1540 Cassandrum,
849 1457 1061 1522 Macedoniae

86 1565 200 1629 regem
209 1547 227 1626 ,'
241 1545 298 1630 qui
318 1567 395 1608 eum·
416 1543 476 1608 sub
492 1543 572 1607 belli
587 1544 839 1608 comminatione
855 1540 1060 1628 deposcebat,

88 1630 145 1693 diu
161 1630 322 1714 protexit,
346 1629 457 1694 addito
473 1631 507 1693 in
523 1629 684 1692 auxilium
701 1630 798 1693 etiam
818 1629 1001 1716 adoptionis
1018 1628 1060 1692 of-

87 1715 172 1779 ficio.
206 1715 334 1796 Quibus
349 1715 447 1780 rebus
463 1716 542 1778 moti
557 1715 726 1800 Epirotae,
743 1715 817 1802 odio
832 1717 867 1778 in
882 1717 1090 1778 misericor-6
1177 1725 1180 1734 '

89 1803 178 1865 diam
193 1823 306 1882 verso,
330 1823 489 1865 annorum
506 1801 660 1864 undecim
676 1822 751 1864 eum
766 1801 801 1863 in
817 1823 954 1886 regnum
970 1821 1061 1864 revo-

87 1895 261 1970 caverunt,
278 1887 362 1951 datis
376 1886 549 1970 tutoribus,
570 1887 627 1972 qui
641 1907 780 1971 regnum
795 1909 899 1972 usque
915 1885 1059 1968 adultam

88 1976 161 2060 ejus
192 1982 329 2038 aetatem
358 1982 537 2038 tuerentur.
580 1972 780 2036 Adolescens
810 1971 929 2039 deinde
959 1972 1062 2036 multa

87 2057 177 2122 bella
192 2060 301 2143 gessit,
316 2069 492 2146 tantusque
506 2081 616 2123 rerum
628 2076 779 2123 successu
794 2057 909 2124 haberi
928 2068 1061 2144 coeptus

88 2155 146 2227 est,
162 2155 202 2209 ut
216 2145 411 2211 Tarentinos
426 2145 514 2210 solus
527 2144 684 2210 adversus
696 2143 859 2210 Romanos
870 2145 955 2210 tueri
965 2167 1062 2232 posse

88 2230 265 2324 videretur.

173 2374 176 2382 Ι
214 2401 354 2474 Pyrrhus·
369 2318 646 2458 Romanoscdupodds
664 2388 790 2470 proellis
808 2403 942 2470 superat.

152 2491 269 2575 Itaque
284 2489 441 2576 Pyrrhus,
461 2511 563 2591 quum
579 2491 695 2554 iterata
709 2487 961 2554 Tarentinorum
976 2490 1091 2574 lega-7

24 2589 30 2613 ³
89 2577 195 2657 tione,
217 2575 336 2640 additis
351 2575 545 2640 Samnitum
570 2585 601 2640 et
614 2575 826 2641 Lucanorum
838 2575 1007 2662 precibus,
1032 2585 1064 2637 et

91 2662 172 2747 ipsis
189 2661 317 2726 auxilia·
329 2663 485 2740 aduersus
506 2661 670 2726 Romanos
685 2659 928 2746 indigentibus,
949 2660 1062 2745 fatiga·

24 2790 36 2799 ·-
91 2757 291 2827 retur,·‘non
306 2757 374 2812 tam
390 2747 576 2834 supplicum
592 2747 759 2834 precibus,
781 2766 879 2834 quam
901 2747 1063 2834 speinva-
1128 2757 1129 2761 ’

26 2863 30 2870 κ
92 2833 192 2898 dandi
206 2833 322 2898 Italiae
333 2834 643 2920 imperii'a’dductus,
652 2843 828 2916 venturum
840 2856 874 2897 se
887 2855 961 2897 cum
974 2847 1063 2898 exer·

27 2967 31 2971 ›
92 2921 158 2983 citu
177 2919 360 3004 pollicetur.
405 2921 444 2984 In
465 2943 564 3006 quam
585 2942 654 2984 rem
668 2920 863 2984 inclinatum
880 2920 980 2984 semel
996 2919 1092 2984 ani-8

92 3027 181 3069 mum
196 3007 409 3093 praecipitem
424 3027 522 3090 agere
538 3027 594 3070 coe
620 3015 711 3069 erant
726 3005 877 3092 exempla
891 3007 1061 3092 majorum,

94 3113 133 3154 ne
149 3097 206 3156 aut
227 3093 363 3156 inferior
376 3101 500 3186 patruo
516 3113 574 3156 suo
590 3028 780 3156 dlexandro
795 3083 981 3168 videretur:
997 3111 1062 3177 quo

25 3191 42 3253 ρ»
94 3177 262 3242 defensore
285 3178 384 3241 iidem
401 3177 571 3241 Tarentini
591 3178 747 3242 adversus
763 3176 907 3242 Bruttios
930 3178 982 3240 usi
995 3177 1062 3240 fue·

25 3277 46 3320 4·
92 3273 174 3344 rant,
191 3273 248 3326 aut
262 3263 404 3342 minores
420 3265 545 3328 animos
557 3264 681 3348 ‘Magno
694 3262 883 3328 Alexandro
899 3261 1062 3342 habuisse,

30 3345 56 3428 ¹5(
94 3350 150 3434 qui
170 3358 236 3413 tam
265 3349 406 3439 longae
432 3349 528 3413 domo
550 3350 668 3414 militia
688 3348 856 3414 Orientem
879 3347 1061 3433 subegerat.

93 3433 206 3522 Itaque
231 3434 346 3498 relicto
372 3435 507 3500 custode
531 3436 627 3520 regni
651 3435 720 3499 filio
746 3433 933 3499 Ptolemaeo
960 3442 1090 3499 annos9

24 3521 51 3598 232
94 3521 281 3605 quindecim
296 3529 387 3602 nato,
404 3522 583 3585 exercitum
602 3523 638 3584 in
659 3529 756 3609 portu
771 3519 949 3585 Tarentino
965 3543 1063 3606 expo·
1118 3527 1192 3586 280.

29 3615 52 3685 Γ*
94 3607 155 3688 nit,
177 3606 305 3672 duobus
327 3606 474 3692 parvulis
496 3607 589 3689 filiis,
612 3606 803 3672 Alexandro
818 3616 850 3670 ot
863 3605 1062 3688 Heleno,⁴in
