2658 4244
498 393 607 444 LIBER
625 395 660 444 11.
679 395 727 444 111.
1063 390 1099 450 11

123 545 268 630 corporis
285 553 320 608 et
332 545 474 631 injuriae
489 553 583 608 notos
598 543 773 609 habebant.
797 543 1015 609 Constituitur
1025 566 1104 629 ergo

122 631 191 696 dux
206 631 356 693 omnium
374 630 545 714 suffragio,
566 639 599 693 et
614 639 748 715 accepta
762 647 866 715 parva
882 651 982 692 manu
1003 629 1105 694 semel

120 726 221 802 atque
243 717 381 796 iterum,
409 715 601 780 cedentibus
626 715 775 779 consulto
799 713 926 794 Persis,
959 715 1105 778 secunda
1147 731 1150 736 ’

120 801 249 888 proelia
264 801 353 864 facit.
376 800 431 865 Ad
445 810 645 886 postremum
660 801 853 864 universum
869 799 931 864 sibi
943 799 1103 864 creditum
1114 805 1153 864 51
1212 865 1217 872 ,

121 887 306 950 exercitum
313 887 415 949 Dario
428 885 547 970 prodit,
561 886 762 972 urbemquei
788 907 855 950 sam
864 887 899 948 in
910 893 1103 970 potestatem

121 973 192 1059 ejus
212 970 345 1055 redigit.
380 971 459 1034 Post
474 971 556 1034 haec
570 971 693 1034 Darius
704 907 833 1035 *bellurn
850 969 981 1058 Scythis
997 972 1104 1052 infert,

121 1057 212 1142 quod
227 1057 381 1143 sequenti
397 1056 480 1120 libro
496 1055 680 1121 referetur*

536 1229 689 1240 ὓ-ιιιι--φ-

497 1365 644 1439 LIBER
670 1365 723 1438 ΙΙΙ

411 1487 507 1559 Res
542 1487 817 1580 Scythicae.

352 1719 528 1788 Scytharum
547 1636 635 1787 οἳΐςῗ)
653 1639 684 1776 dt
702 1720 877 1789 antiquitas.

186 1821 228 1886 In
244 1821 404 1886 relatione
419 1844 529 1886 rerum
543 1823 584 1888 ab
597 1823 727 1908 Scythis
740 1830 915 1908 gestarum,
956 1843 1017 1884 uae
1028 1823 1106 1885 satis
1118 1833 1133 1888 1

124 1907 256 1993 amplae
272 1907 536 1995 magnificaeque
550 1909 693 1989 fuerunt,
709 1909 909 1992 principium
926 1927 945 1969 a
979 1907 1107 1991 origine

122 1989 342 2076 repetendum
355 2001 412 2056 est.
428 1993 502 2056 Non
516 1997 603 2057 enim
615 1993 725 2056 minus
737 1991 879 2056 illustria
890 1992 993 2070 initia,
1007 2013 1106 2078 quam

122 2079 301 2164 imperium
318 2076 474 2158 habuere,
497 2101 559 2143 nec
574 2080 720 2142 virorum
737 2079 842 2162 magis
858 2099 957 2164 quam
973 2077 1107 2141 femina-

123 2185 198 2226 rum
214 2162 391 2226 virtutibus
407 2162 563 2244 claruere,
580 2165 704 2250 quippe
721 2186 822 2251 quum
837 2165 901 2249 ipsi
909 2163 1105 2227 Parthorum

123 2247 460 2334 Bactrianorumque,
480 2249 630 2322 ,feminae
646 2259 755 2312 autem
772 2271 884 2313 oorum
900 2249 1106 2312 Amazonum

123 2354 230 2416 regna
246 2331 463 2414 condiderint,
479 2335 525 2396 ita
537 2343 573 2397 ut
586 2356 637 2398 res
646 2343 753 2420 gestas
763 2336 907 2398 virorum
918 2334 1107 2398 mulierum-

148 2440 191 2480 ue
208 2415 494 2482 considerantibus
510 2419 670 2482 incertum
688 2421 738 2500 sit,
755 2429 828 2483 uter
840 2419 929 2505 apud
944 2441 998 2484 eos
1009 2442 1107 2483 sexus

123 2441 287 2568 illustrior
301 2503 406 2568 fuerit.
430 2503 628 2589 Scytharum
646 2527 726 2589 gens
739 2505 967 2592 antiquissima
979 2515 1136 2589 semper2

126 2587 241 2652 habita
262 2596 327 2668 est,
356 2591 508 2674 quamvis
529 2590 616 2652 inter
637 2589 776 2675 Scythas
799 2601 831 2652 et
845 2590 1028 2674 Aegyptios
1050 2589 1106 2653 diu

127 2675 293 2737 contentio
318 2673 358 2736 de
374 2676 505 2758 generis
520 2684 681 2740 vetustate
696 2676 803 2739 fuerit.
838 2675 996 2762 Aegyptii
1019 2675 1135 2741 cnim3

126 2757 379 2844 praedicabant:
410 2768 499 2825 tuitio
521 2783 639 2839 rerum,
664 2783 754 2840 quum
778 2768 863 2826 ultae
884 2775 990 2824 terrae
1011 2769 1106 2826 nimio

125 2851 204 2908 solis
223 2851 352 2922 fervore
375 2853 532 2922 arderent,
556 2853 640 2910 aliae
660 2853 797 2925 opereat
812 2853 950 2925 [riparia
965 2853 1106 2911 immani-

126 2941 204 3007 tate,
233 2937 278 2994 tta
300 2943 416 2993 utnon
440 2938 531 2995 modo
553 2938 616 2996 'non
638 2953 791 3011 penerare
812 2938 967 3008 domines,
990 2937 1108 2996 sedne
1148 2947 1151 2952 “

128 3021 269 3078 advenae
291 3022 414 3094 quidem
436 3024 579 3094 recavere
601 3039 641 3080 ac
663 3024 745 3080 tueri
763 3029 904 3095 possent,
920 3025 1107 3096 priusquam

127 3105 277 3164 adversus
307 3107 442 3164 calorem
467 3109 522 3166 -ael
544 3108 653 3181 frique
682 3109 853 3166 velamenta
884 3109 1028 3180 corporis
1059 3109 1105 3166 in-

127 3192 319 3263 vestirentur,
350 3192 521 3265 Aepyptum
549 3195 594 3252 itu
624 3199 822 3267 temperatam
850 3207 972 3268 seraper
995 3192 1107 3265 fuisse,

126 3281 162 3332 ot
181 3291 282 3349 neque
301 3277 435 3335 hiberna
455 3279 597 3350 friqora,
621 3295 721 3352 neque
743 3280 854 3336 aestivi
875 3277 952 3334 solta
975 3279 1108 3336 ardores

10 3407 12 3446 ζ
128 3361 251 3418 incolas
278 3361 357 3434 ejus,
369 3370 566 3435 premerent‚·
594 3365 693 3422 solum
715 3366 760 3422 r'ta
779 3364 964 3436 secundum,
992 3369 1026 3420 ut
1048 3365 1108 3423 ali-

11 3457 12 3480 *
127 3451 297 3504 mentorum
316 3447 463 3519 feracior·
482 3449 568 3506 nollo
591 3455 677 3506 terra
697 3449 806 3521 fuerit.
847 3447 924 3506 Jore
947 3450 1043 3522 ipitur
1065 3449 1110 3508 ibt

122 3532 260 3604 primum
282 3531 423 3590 homines
445 3539 538 3591 natos
561 3551 630 3592 eree
652 3535 761 3606 videri,
785 3534 840 3592 ohe·
858 3535 1012 3608 facillime
1032 3536 1107 3592 edo·
1179 3545 1213 3570 κ

127 3618 197 3675 ccn'
215 3624 354 3690 possent.
394 3609 517 3675 Contra
537 3611 690 3699 Scythae,
712 3621 793 3678 coeli
807 3623 980 3694 temperiem
995 3621 1138 3678 nulluml
