2678 4246
484 335 593 384 LIBER
610 333 721 385 XXXII.
1049 333 1085 394 61
1121 277 1125 282 ¹

95 483 230 572 legatio
246 485 448 572 supervenit,
464 505 559 569 quae,
576 484 697 547 omissa
710 483 831 569 pupilli
842 507 994 569 persona,
1009 494 1087 552 ciui-

96 582 196 644 tates,
212 577 290 650 jare
312 577 384 634 belli
402 576 512 649 suctos
524 576 638 649 populi
651 573 797 649 Romani,
820 578 852 633 in
870 579 1022 650 inteprum
1037 595 1086 636 re-

95 663 194 721 stitui
204 654 354 742 jubebat.
397 653 568 719 Abnuenti
586 652 713 718 bellum
729 653 974 736 denunciatum,
998 655 1088 742 quod

97 739 168 806 illc
187 739 284 807 facile
306 747 496 824 susceptum
518 737 694 804 infeliciter
713 739 823 823 gessit.
866 739 994 804 Eodem
1009 749 1116 806 tem-3
1223 735 1227 746 ’

98 847 189 910 pore
200 833 235 889 et
243 824 346 888 Nabis
358 833 520 908 tyrannus
531 823 653 887 multas
661 823 820 888 Graeciae
832 825 982 890 civitates
993 847 1087 890 occu-

128 918 256 976 averat.
310 909 428 995 Itaque
455 916 604 988 senatus,
633 930 676 972 ne
702 929 770 972 uno
791 917 939 996 tempore
962 909 1088 996 duplici

97 932 195 1062 gello
206 993 375 1060 Romanae
386 994 473 1060 vires
485 993 729 1074 distinerentur,
744 994 877 1078 scripsit
886 994 1088 1077 Flaminino,

98 1089 135 1146 ει·
153 1088 186 1146 cc·
200 1087 353 1157 videatur,
369 1087 463 1145 sicuti
478 1101 499 1143 a
513 1085 670 1158 Pbdtopo,
686 1086 732 1143 ita
748 1099 768 1143 a
782 1083 906 1144 Nabide
922 1086 1089 1158 Graeciam

100 1170 223 1230 liberet.
270 1163 323 1230 Ob
347 1185 447 1250 qnam
469 1184 603 1227 oausam
624 1163 671 1226 im
696 1164 800 1228 erium
824 1165 855 1228 ei
872 1175 1087 1251 prorogatum

100 1257 166 1314 est
212 1247 375 1314 Terribile
406 1248 529 1336 quippe
551 1185 710 1312 Antiocbi
739 1247 865 1312 bellum
888 1249 1118 1316 Hannibalis4

100 1355 229 1399 nomen
251 1333 402 1413 faciebat,
427 1333 667 1419 quemaemuli
684 1334 754 1420 ejus
771 1333 907 1397 occultis
923 1336 1088 1401 mandatis

102 1441 185 1484 cum
206 1419 372 1482 Antiocho
393 1420 495 1482 inisse
517 1419 706 1482 societatem
728 1418 819 1517 apud
840 1419 1006 1485 Romanos
1027 1423 1090 1486 cri·

101 1503 329 1584 minabantur,
352 1511 521 1588 negantes,
546 1525 613 1568 eum
636 1507 748 1584 aequo
761 1509 864 1570 animo
887 1511 944 1570 aab
968 1513 1090 1586 lepidus

103 1599 222 1668 vivere,
246 1601 401 1654 assuetum
424 1597 554 1668 imperio
578 1601 608 1654 et
631 1595 833 1654 immoderata
855 1597 984 1656 licentia
1006 1599 1088 1656 mili-

103 1683 189 1751 tari;
204 1695 384 1754 semperque
399 1679 504 1739 taedio
522 1681 635 1752 quietis
649 1680 793 1738 urbanae
807 1695 907 1738 novos
923 1681 996 1740 belli
1011 1697 1088 1740 cau-

102 1781 163 1824 sas
184 1767 432 1839 circumspicere.
477 1757 572 1839 Quae
592 1759 655 1823 etsi
669 1757 753 1822 falsa
767 1759 924 1824 nunciata
938 1761 1089 1841 fuissent,
1163 1810 1166 1816 .
1186 1803 1189 1810 -

104 1844 199 1930 apud
214 1846 367 1910 timentes
382 1853 493 1910 tamen
508 1865 570 1930 pro
583 1843 671 1908 veris
687 1842 905 1909 habebantur.

344 2081 496 2138 Hannibal
514 1999 747 2138 affitibehnm
763 2081 856 2149 rugia
898 2131 900 2137 ,

174 2185 328 2272 Denique
350 2193 484 2250 senatus
503 2193 595 2248 metu
618 2184 790 2268 perculsus
813 2183 856 2248 ad
871 2182 1120 2269 speculandose

108 2279 203 2338 actus
215 2269 416 2335 Hannibalis
438 2268 585 2354 legatum
604 2269 640 2332 in
654 2269 802 2334 Afn'eam
818 2268 968 2334 Gnaeum
983 2269 1091 2334 Servi-

107 2357 192 2422 lium
204 2356 315 2435 mittit,
331 2357 428 2441 eique
440 2355 548 2418 tacitis
564 2353 730 2419 mandatis
745 2355 916 2440 praecipit,
931 2363 962 2419 si
971 2367 1089 2434 posset,

109 2464 180 2507 eam
194 2447 408 2520 perarmatos
423 2447 490 2518 ejus
506 2447 701 2516 interficeret,
724 2451 866 2519 metaque
880 2447 976 2504 innisi
989 2447 1089 2504 nomi·

111 2535 163 2592 nia
184 2532 308 2590 tandem
316 2533 468 2605 populum
483 2528 656 2588 Romnum
674 2531 829 2590 liberaret.
874 2523 940 2588 Sed
955 2545 1008 2587 res
1023 2531 1119 2588 nond

109 2611 169 2676 din
184 2610 282 2676 latuit
294 2608 528 2690 Hannibalem,
543 2610 653 2672 virum
669 2609 711 2673 ad
726 2606 960 2693 prospicienda
974 2629 1091 2672 caven·

110 2698 220 2783 daque
241 2693 390 2782 pericula
410 2702 573 2780 paratum,
598 2715 660 2758 nec
683 2695 793 2758 minus
814 2694 851 2758 in
866 2692 1020 2758 secundis
1037 2693 1090 2757 ad—

109 2803 219 2861 versa,
242 2802 342 2866 quam
357 2781 393 2842 in
408 2779 555 2844 adversis
572 2779 719 2843 secunda
733 2780 942 2864 cogitantem.
973 2779 1091 2866 Itaque

111 2887 215 2954 quum
237 2874 306 2930 tota
326 2864 380 2929 die
393 2865 429 2928 in
445 2864 550 2930 oculis
564 2865 754 2951 principum
769 2864 937 2951 legatique
951 2864 1092 2929 Romani

110 2953 147 3018 in
167 2951 239 3015 foro
262 2949 587 3034 Carthaginiensium
610 2949 802 3015 obversatus
824 2950 953 3030 fuisset,
977 2971 1092 3036 appro-

110 3037 295 3185 pinrpuante
304 3055 443 3122 vespere
454 3057 576 3122 equum
589 3035 789 3116 conscendit,
805 3043 904 3098 etrus
916 3034 1091 3112 urbanum,

112 3143 179 3222 quo
224 3143 284 3206 pro
308 3130 358 3186 ter
380 3121 457 3184 litus
479 3120 580 3184 maris
596 3119 747 3198 habebat,
768 3120 894 3204 ignaris
909 3119 1012 3183 servis
1021 3119 1092 3205 jus·

111 3229 156 3272 s1s
181 3213 224 3270 n'e
253 3227 273 3269 a
320 3213 452 3306 portam
477 3213 698 3270 revertentem
721 3205 882 3290 opperiri,
911 3203 1091 3267 contendit.

111 3228 267 3356 Habebat
286 3289 333 3356 ibi
347 3313 449 3356 naves
464 3312 540 3354 cum
554 3290 736 3376 remigibus
753 3289 881 3354 occulto
897 3290 972 3352 sinu
987 3287 1122 3352 litoris?

112 3376 339 3460 absconditas;
360 3384 430 3440 erat
445 3385 478 3440 et
492 3375 627 3462 grandis
643 3375 785 3462 pecunia
798 3375 834 3438 in
851 3397 888 3439 eo
905 3381 984 3459 agro
1001 3393 1093 3458 prae·

112 3471 239 3546 parata,
262 3470 308 3544 ut,
331 3484 436 3548 quum
458 3483 510 3526 ree
533 3464 709 3546 exegisset,
730 3481 792 3524 nec
815 3458 953 3523 facultas
969 3459 1092 3543 fugam,

112 3567 175 3612 nec
196 3548 310 3635 inopia
332 3555 524 3615 moraretur.
568 3547 678 3612 Lectis
700 3547 803 3631 igitur
816 3545 929 3626 servis,
953 3565 1095 3631 quorum
