2666 4246
498 329 607 382 LIBER
623 329 694 381 xlv.
1049 329 1089 392 83

106 475 303 542 Alexander
315 479 434 562 igitur,
444 485 540 562 capta
551 477 643 560 urbe,
660 501 762 627 guum
774 479 809 544 in
821 481 982 564 templum
992 481 1087 548 Jovis
1099 491 1139 548 15

106 563 271 643 venisset,
288 563 410 648 jugum
429 561 568 646 plaustri
591 562 660 628 Gor
685 564 709 626 ii
731 563 919 652 requisivit3
944 588 1009 652 quo
1032 589 1087 632 ex·

106 644 223 728 hihim,
236 669 339 732 quum
346 647 457 732 capita
466 645 724 712 loramentorum
736 649 823 713 intra
834 649 938 714 nodos
952 649 1086 715 abscon·
1129 719 1132 722 ,

107 729 176 794 dita
205 732 352 816 reperire
380 753 448 796 non
471 740 598 814 posset,
629 729 741 816 gladic
764 733 947 798 loramenta
969 735 1086 818 caedit,

105 823 207 900 atque
231 816 282 880 ita
302 815 455 881 resolutis
476 815 619 880 nexibus
642 816 837 882 latentiatin
859 818 955 884 nodis
978 821 1087 904 capita

104 901 245 966 invenit.
492 981 494 986 Ι
624 935 627 942 ’

528 985 605 1036 OAP.
622 985 669 1037 IV.

436 1065 604 1124 Alexandri
620 1069 753 1125 morbus.

168 1167 264 1232 Haec
282 1167 334 1232 illi
355 1168 467 1252 agenti
481 1168 670 1248 nunciatur,
690 1167 832 1233 Darium
855 1189 931 1232 cum
953 1169 1083 1254 ingenti
1095 1184 1134 1241 16

103 1251 255 1317 exercitu
277 1251 465 1318 adventare.
502 1252 621 1337 Itaque
637 1253 756 1316 timens
772 1254 944 1337 angustias
960 1275 1084 1339 magna

102 1337 272 1400 celeritate
299 1337 447 1400 Taurum
472 1335 690 1417 transcendit,
718 1338 754 1402 in
803 1359 847 1401 ua
871 1338 1083 1404 fesfiuatione

102 1422 289 1507 quingenta
301 1421 407 1484 stadia
419 1440 517 1484 cursu
527 1421 614 1487 fecit.
646 1421 758 1500 Quum
770 1359 912 1486 'lartum
923 1425 1081 1503 venisset,
1094 1437 1133 1492 17

101 1515 224 1590 captus
235 1505 344 1591 Cydni
354 1503 501 1569 fluminis
517 1503 715 1570 amoenitate
730 1529 790 1598 per
804 1507 948 1571 mediam
964 1508 1081 1572 urbem

101 1590 248 1670 fluentis,
271 1591 426 1677 projectis
449 1593 560 1670 armis,
583 1590 701 1674 plenus
724 1591 873 1676 pulveris
896 1613 934 1654 ac
950 1591 1080 1656 sudoris

102 1675 139 1738 in
165 1673 403 1759 praefrigidum
416 1675 552 1738 ¹undam
578 1697 612 1738 se
639 1677 787 1761 projecit.
832 1675 919 1739 Tum
945 1685 1080 1759 repente

101 1767 218 1826 tantus
245 1781 364 1824 nervos
391 1759 462 1844 ejus
489 1761 663 1842 occupavit
687 1761 793 1844 rigor,
822 1768 874 1839 ut,
900 1759 1081 1823 interclusa

100 1865 196 1924 voce,
212 1865 279 1908 non
295 1865 370 1928 spes
385 1843 483 1906 modo
499 1843 646 1923 remedii,
662 1844 721 1906 scd
735 1866 797 1906 nec
813 1843 926 1907 dilatio
938 1843 1079 1927 periculi

100 1928 317 1992 inveniretur.
339 1928 435 1993 Unus
447 1936 517 1991 erat
529 1947 571 1990 ex
582 1927 730 2008 medicis,
745 1928 879 1992 nomine
890 1927 1077 2075 ΡὴίΙίρΕιιε,
1090 1939 1130 1999 18

101 2014 159 2098 qui
184 2013 276 2078 solus
297 2013 478 2078 remedium
499 2011 726 2096 polliceretum
748 2011 807 2076 sed
828 2020 861 2076 et
874 2013 986 2096 ipsum
1029 2034 1079 2076 ar·

100 2098 265 2161 menienis
288 2097 395 2182 pridie
425 2119 446 2160 a
467 2095 679 2182 Cappadocia
701 2096 821 2160 missae
844 2095 1005 2181 epistolae
1026 2119 1078 2160 su·

100 2191 252 2265 spectum
266 2181 440 2262 faciebant,
456 2182 513 2267 qui
529 2182 665 2266 ignarus
680 2179 879 2246 infirmitatis
891 2181 1077 2244 Alexandri

99 2267 287 2350 scripserat,
310 2289 330 2330 α
345 2273 490 2346 Philippo
506 2274 626 2330 medico
644 2278 787 2342 caverem
809 2287 881 2329 nom
897 2269 1076 2344 corruptum

99 2358 185 2414 illum
207 2357 342 2416 astario
365 2358 486 2429 ingenti
494 2358 634 2429 pecunia
649 2371 724 2414 esse.
765 2349 884 2414 Tutius
898 2359 1010 2413 mmen
1027 2358 1076 2413 est
1108 2403 1113 2410 .

98 2442 200 2514 ratus,
226 2434 347 2498 dubiae
368 2455 404 2498 se
422 2433 501 2497 fidei
521 2434 641 2499 medici
662 2434 805 2516 credere,
828 2456 927 2520 quam
943 2433 1075 2497 indubi-

97 2527 164 2604 tato
187 2519 304 2582 morbo
325 2517 442 2602 perire.
479 2519 625 2604 Accepto
648 2520 750 2604 igitur
764 2518 893 2603 pocu10,
917 2517 1125 2601 epistolas19

97 2602 228 2666 medico
249 2603 401 2683 tradidit,
423 2611 523 2688 atque
544 2604 590 2666 ita
611 2604 698 2666 iuter
711 2602 894 2667 bibendum
910 2600 1022 2666 oculos
1038 2601 1073 2665 in

15 2729 16 2766 ,
96 2688 228 2752 vultum
243 2687 383 2774 legentis
399 2687 549 2751 intendit.
579 2684 626 2752 Ut
642 2709 794 2752 securum
809 2686 994 2770 conspexit,
1006 2684 1074 2752 lac·

96 2773 160 2838 tior
174 2774 281 2838 factus
296 2781 346 2837 est
360 2772 599 2858 sanitatemque
614 2781 732 2858 quarta
747 2771 801 2835 die
817 2773 950 2856 recepit.

291 3021 294 3028 .
337 2987 444 3046 Altera
460 2905 754 3046 Perscdrlnvluoa.
773 2989 843 3048 888.

158 3093 293 3160 Interea
306 3092 430 3158 Darius
452 3113 528 3157 cum
549 3091 802 3178 quadringentis
818 3090 965 3155 millibus
981 3087 1074 3172 pedi·
1084 3093 1124 3151 20

95 3185 164 3240 tum
187 3197 227 3240 ac
249 3182 381 3240 centum
401 3175 547 3240 millibus
561 3177 719 3262 ‚equitum
740 3177 776 3241 in
791 3177 894 3240 aciem
911 3171 1071 3259 procedit.

94 3260 252 3325 Movobat
273 3261 355 3325 hacc
374 3260 550 3324 multitudo
565 3260 711 3324 hostium
726 3269 877 3344 respectu
892 3257 1071 3343 paucitatis

96 3367 173 3409 suae
189 3345 436 3427 Alexandrum3
460 3345 525 3408 sed·
539 3344 706 3408 interdum
722 3343 904 3430 reputabat,
928 3348 1070 3428 quantas

94 3451 145 3494 res
161 3453 238 3494 cum
254 3430 318 3494 ista
329 3430 496 3514 paucitate
517 3427 683 3514 gessisset,
705 3437 912 3515 quantosque
928 3425 1070 3512 populos

94 3513 242 3582 fudisset.
280 3515 518 3602 laqueosum
535 3529 609 3600 spes
625 3522 749 3578 metum
763 3513 921 3593 vinceret,
942 3511 1070 3597 pericu-

876 3614 916 3666 6*
