2678 4246
417 341 419 348 '
491 335 600 387 mnus
616 334 738 386 xxm.

535 519 612 572 ose.
629 521 691 572 m
769 507 777 524 “

503 601 717 660 dominantur.
790 647 800 658 .

180 727 207 776 4.
243 729 274 776 lo
293 726 358 798 insu
374 725 481 774 {choum
497 725 564 776 belli
581 726 763 776 condicionum
779 727 815 778 iit
832 728 897 788 iore,
914 727 1039 778 affirm.

143 884 145 888 .
187 831 427 902 Senotensis
442 829 608 888 nobilitate
621 831 686 890 illis
701 836 913 904 comparetur,
937 832 1103 890 clariorem
1113 840 1153 899 55

121 917 178 976 iila
191 915 323 974 colluvie
330 930 545 973 convenarum
560 931 638 987 esse,
655 919 710 989 qui
717 922 872 988 paternos
881 916 1018 989 majores
1026 931 1103 975 suos

121 1017 142 1060 a
156 1000 239 1076 Oura
254 999 430 1072 unisque,
454 1001 670 1060 conditoribus
684 1001 809 1060 Persici
825 1003 930 1074 teoni,
945 1006 1103 1061 maternos

121 1101 143 1144 a
159 1085 276 1159 Mapno
290 1083 474 1144 Alencndro
495 1101 536 1144 ac
549 1085 698 1146 Nicatore
719 1086 865 1159 Seleuco,
888 1087 1103 1146 conditoribus

121 1172 249 1245 imperii
263 1169 480 1243 Macedonici,
501 1171 637 1244 reseram
658 1188 715 1230 seu
729 1173 869 1245 populus
888 1173 1011 1231 diuum
1027 1188 1103 1231 con-

118 1257 246 1330 seratur
266 1271 340 1328 suo,
367 1271 476 1314 curum
497 1271 533 1314 se
553 1259 688 1328 pontium
709 1273 795 1329 esse,
823 1273 905 1330 quoe
926 1274 990 1316 non
1011 1258 1102 1316 modo

120 1341 265 1401 Romano
288 1343 420 1414 imperio
442 1343 507 1400 sint
525 1358 641 1414 pares,
666 1343 726 1401 scd
746 1342 954 1402 Macedonico
982 1359 1105 1416 quoque

122 1427 307 1489 obstiterint.
343 1426 467 1484 Nullam
479 1427 692 1500 subjecturum
706 1429 770 1488 sibi
791 1431 927 1500 pontium
943 1435 1153 1501 expertom56

123 1529 193 1571 csse
208 1511 384 1585 pereprinu
406 1513 555 1585 imperia,
579 1514 672 1572 nullis
687 1529 832 1586 umquam
846 1515 911 1572 nisi
926 1515 1104 1574 domesticis

121 1596 249 1670 rupibus
267 1598 437 1670 paruisse:
460 1597 694 1670 Cappadociam
720 1599 830 1669 uelint,
857 1613 899 1656 an
921 1599 1102 1671 Pcpblapo-

121 1685 209 1742 niam
223 1695 389 1742 recensere
393 1701 407 1752 ;
421 1698 533 1741 rursus
548 1683 679 1742 Pontum
694 1700 736 1742 an
750 1683 950 1757 Bithyniam·
971 1683 1104 1756 itemque

122 1769 302 1826 Armeniam
316 1768 465 1840 may'orem
481 1769 690 1841 minoremque
696 1788 710 1839 ;
732 1783 865 1842 quorum
882 1769 1018 1841 pontium
1034 1769 1103 1826 nul·

122 1853 186 1911 iam
206 1868 307 1925 neque
320 1853 503 1911 Alexander
525 1854 592 1924 ille,
615 1855 670 1926 qui
691 1860 786 1911 totam
801 1855 973 1927 pacaverit
985 1853 1103 1924 Asiam,

121 1954 182 1996 nec
208 1939 371 2012 quisquam
396 1954 613 1998 successorum
638 1938 707 2012 ejus
732 1946 788 1998 aut
805 1937 1004 2013 posterorum
1029 1939 1103 1998 atti-

121 2025 230 2098 pisset,
270 2021 430 2096 Scythium
452 2022 533 2082 duos
553 2024 626 2082 onte
644 2040 679 2082 se
700 2039 791 2099 repes
810 2040 873 2084 non
890 2039 1025 2097 pacare,
1047 2024 1155 2088 sedbl

118 2114 241 2172 tantum
272 2108 528 2182 intraremus,
556 2107 689 2171 barium
719 2115 749 2170 at
775 2109 972 2184 Philippum,
1010 2125 1106 2182 aepre

123 2195 198 2255 inde
216 2191 328 2266 sapam
348 2193 412 2253 sibi
434 2193 614 2268 expedisse,
637 2195 719 2253 unde
740 2196 809 2269 ipse
823 2210 969 2269 mapnam
977 2202 1105 2269 partem

124 2279 278 2337 aduersus
295 2276 457 2337 Romanos
477 2277 745 2338 uiriumbaberet.
783 2280 942 2354 Multoque
964 2298 1000 2340 se
1021 2281 1104 2340 timi-

124 2365 197 2424 dius
227 2379 268 2422 αα
296 2359 492 2436 diffidentius
522 2363 604 2423 bella
632 2363 766 2424 Pontica
794 2367 983 2439 inpressum,
1014 2381 1107 2440 quam

123 2453 194 2524 ipsc
217 2448 310 2508 ructu
333 2463 373 2508 ac
390 2451 452 2508 tiro
479 2455 580 2520 essen·
604 2448 741 2525 Scptbas
762 2453 843 2510 enim
860 2458 989 2524 prodar
1014 2455 1123 2509 ormo‘

122 2537 328 2606 nantemque
356 2535 456 2593 animi
486 2536 626 2594 laconum
659 2550 782 2608 quoque
810 2536 1031 2596 solitudinibus
1060 2535 1110 2594 oei

121 2619 303 2693 sriporibus
324 2619 523 2692 instructam,
543 2635 608 2693 per
628 2637 711 2693 quoe
731 2621 974 2680 dominetur
994 2623 1108 2694 inoens

123 2706 258 2764 militiae
275 2703 368 2762 labor
386 2719 427 2763 ae
438 2707 626 2778 periculum,
663 2705 731 2764 Has
751 2707 833 2764 inter
850 2706 1053 2779 difficultates
1067 2721 1108 2764 ne

123 2805 209 2864 spem
227 2789 357 2864 'quidem
372 2792 511 2864 praemii
528 2791 632 2863 fnisse
648 2807 694 2849 ex
713 2791 802 2850 boste
820 2806 900 2864 napo
912 2807 975 2851 nec
989 2797 1107 2852 tantum

118 2877 294 2950 pecuniae,
319 2875 379 2934 sed
402 2877 507 2935 obun-
520 2876 607 2935 scdss
631 2878 735 2950 inape.
779 2875 868 2936 bunc
886 2894 924 2934 se
949 2879 1156 2940 diversambfl

124 2961 199 3020 belli
208 2959 430 3020 ‚municionem
446 2962 579 3036 inprcdi.
614 2960 693 3020 Nam
707 2977 808 3035 neque
821 2963 910 3021 coelo
925 2963 1023 3040 Asiae
1034 2978 1107 3022 esse

123 3047 325 3120 temperatius
347 3047 452 3120 aliud,
473 3063 533 3106 nce
552 3047 621 3105 solo
639 3047 780 3119 fertilius
793 3062 853 3105 nec
867 3047 990 3106 urbium
1004 3049 1105 3108 mubi-

123 3131 235 3191 tuane
254 3134 434 3205 mmmdcc,
457 3147 664 3206 manumque
684 3133 833 3206 temporis
847 3139 974 3205 partem
996 3148 1059 3191 uon
1074 3139 1108 3192 ut

17 3223 18 3228 ’
126 3219 285 3290 militium,
311 3219 370 3276 sed
394 3224 429 3276 ut
450 3219 565 3292 fesncm
591 3219 673 3277 diem
697 3233 752 3276 eos
776 3223 905 3276 acturos
935 3218 1014 3277 bello
1042 3227 1107 3276 tum

123 3301 220 3374 sacili
233 3317 327 3376 quam
341 3303 449 3374 uberi,
469 3303 603 3362 simodo
625 3295 854 3377 outprocimus
873 3305 965 3376 repni
978 3303 1107 3362 ,inaltet

126 3403 219 3461 mes,
235 3394 291 3446 aut
303 3394 420 3447 setores
432 3386 555 3464 Lydiae
569 3388 742 3463 Ioniaeque
756 3388 931 3460 audierint,
948 3403 1029 3464 quas
1043 3403 1107 3448 non

127 3479 339 3547 eoepopnatsnn
353 3479 436 3547 eant,
450 3475 717 3549 sedpossessum,·
739 3478 918 3548 tantumque
930 3490 968 3532 se
980 3475 1107 3534 auidam

127 3565 312 3634 caspcctare
331 3561 457 3635 mum,
482 3565 517 3618 ut
537 3562 630 3620 ctiam
655 3559 784 3620 uocibus
809 3564 914 3619 uocet:
936 3561 1017 3620 adeo
1043 3561 1107 3620 illis
