2658 4244
274 293 310 354 60
563 296 579 345 J
584 293 702 345 us'ruu
720 294 968 346 fflsrolulssuu

279 581 282 588 .
375 528 483 597 Legati
500 530 665 584 Persarum
682 445 893 597 actlAdmeIdtum
908 478 1152 591 internarium.

244 641 262 696 9
331 625 473 698 'Interim
494 631 634 712 Darius,
655 649 715 694 rex
730 621 924 714 Persarum,
939 635 1035 716 'turpi
1059 633 1100 696 ab
1117 633 1254 718 Scythia
1297 697 1298 704 χ

272 721 353 866 θυῖε
372 717 543 782 submotus
551 731 566 797 ,·
581 739 624 779 nc
646 715 777 802 ubique-⁴
793 716 948 780 deformis
963 718 1108 800 militiae
1124 719 1252 782 damnis
1297 705 1298 750 t

272 804 316 868 ba
341 811 461 885 eretur,
476 803 577 865 mittit
592 823 667 864 cum
682 803 1197 888 partecopiarumMeg'abazum
1214 804 1252 868 ad

272 885 492 972 subigendam
508 887 684 950 Thraciam
707 896 881 972 ceteraque
921 889 1118 954 '‘us-tractus
1140 909 1250 975 regna.

273 973 350 1054 Qui,
365 972 483 1056 legatis
499 969 541 1035 ad
552 973 731 1056 Amyntam
739 994 876 1060 ‚regem
930 974 1118 1056 acedoniae,
1134 977 1251 1055 missis,

272 1058 403 1124 obsides
426 1059 462 1121 in
477 1057 755 1143 pignusfutu‘rae
773 1058 864 1144 pacis
888 1058 1250 1145 derisibipostulabat.

223 1144 338 1211 rosed
352 1143 465 1229 ¹legati
491 1141 635 1228 benique
661 1145 791 1229 excepti
798 1191 807 1224 ,
829 1143 920 1207 'in'ter
946 1144 1060 1234 epulas
1087 1150 1252 1208 'crescente

242 1229 249 1236 ’
272 1230 447 1310 ebrietate,
469 1237 587 1313 rogant
606 1229 803 1314 Amyntam,
829 1237 865 1291 ut
887 1231 1063 1314 apparatui
1078 1229 1251 1316 epularum

273 1315 408 1400 adjiciat
417 1316 473 1401 jus
489 1313 730 1395 familiaritatis,
754 1312 910 1377 adhibitis
926 1317 961 1395 in
977 1317 1170 1379 convivium
1185 1317 1251 1380 suis

273 1421 312 1464 ae
337 1399 398 1462 filii
427 1398 604 1462 uxoribus:
635 1406 670 1465 id
695 1407 783 1478 apud
803 1405 1056 1480 Persustubert
1069 1409 1193 1480 piccus
1217 1423 1252 1464 oe

223 1491 386 1564 llsoedus
405 1488 545 1562 coaptat.
591 1482 685 1563 Quae
705 1484 1162 1572 utveneruntppetulantius
1178 1486 1251 1550 Per-

268 1571 317 1634 sis
336 1567 627 1634 'easeludcntibus
636 1615 645 1650 ,
668 1568 757 1633 filius
773 1571 1146 1656 Amynuessulexander
1160 1580 1252 1656 rogat

271 1665 408 1740 patrem,
424 1663 576 1740 respectu
592 1655 706 1718 aetatis
722 1675 760 1717 ao
775 1656 945 1739 gravitatm
961 1674 1040 1720 suae
1055 1651 1164 1720 abiret
1180 1680 1251 1721 con·

271 1743 378 1822 vivio,
412 1738 578 1825 pollicitus
585 1755 603 1820 ,’
625 1761 660 1804 se
677 1739 851 1826 ‘hospitum
871 1749 1131 1890 temperaturum
1151 1743 1251 1830 jocos.

270 1827 353 1908 Quo⁴
370 1827 518 1912 digresso
526 1865 541 1906 ,κ
559 1824 713 1888 mulieres
730 1839 862 1912 quoque
877 1835 942 1910 pau
955 1826 1050 1890 ulum
1067 1849 1084 1891 e
1099 1829 1251 1891 convivio

272 1921 388 1978 evocat
394 1924 407 1994 ‚'
429 1911 789 1976 cultius'exornaturus
801 1914 1032 1998 'gratioresque
1045 1912 1250 1976 reducturus.

270 1998 311 2062 In
328 2011 467 2083 quarum
482 1997 592 2060 locum
607 1996 786 2060 matronali
798 1995 914 2077 habitu
926 2007 1100 2062 exornatos
1109 1999 1251 2085 juvenes

271 2093 311 2146 su
335 2083 444 2166 ponit,
467 2103 522 2146 eos
546 2099 588 2148 ue
602 2081 819 2168 petulantiam
834 2083 1018 2168 legatorum
1038 2083 1139 2164 ferro,
1166 2083 1251 2170 quod

222 2177 261 2256 12
272 2105 334 2232 sub
349 2175 441 2231 veste
457 2189 535 2252 gere
560 2176 632 2250 ant,
649 2167 975 2253 compescere'ubet.
1018 2168 1129 2254 Atque
1145 2170 1193 2233 ita
1207 2169 1251 2232 in-

268 2252 416 2318 terfectis
439 2251 611 2335 omnibus,
627 2254 762 2338 ignarus
778 2255 826 2318 rei
841 2191 1060 2338 bdegabanum
1084 2277 1188 2340 quum
1212 2255 1251 2318 le

272 2339 341 2423 gati
362 2356 437 2420 non
451 2337 611 2420 redirent,
628 2339 728 2402 mittit
749 2361 787 2404 eo
806 2355 884 2404 'cum
900 2341 1175 2426 exercitus-parte
1190 2339 1251 2402 Bu-

271 2424 386 2489 barem
407 2433 445 2507 ut
463 2424 501 2488 in
521 2423 648 2488 bellum
671 2423 768 2488 facile
791 2431 824 2488 et
844 2425 1025 2506 mediocre,
1055 2424 1251 2510 dedignatus

271 2511 343 2598 ipae
358 2511 476 2593 irene
492 2500 764 2574 dehonestaretur
783 2511 993 2596 proeliatum
1009 2510 1252 2597 sordidae'gen-

267 2599 324 2660 tis.
363 2592 430 2660 Sed
451 2594 601 2659 Bubares
626 2604 701 2658 ante
717 2594 842 2659 bellum
854 2609 969 2681 amore
983 2593 1071 2676 filiae
1087 2596 1251 2682 Amyntae

271 2689 400 2766 captus,
416 2681 536 2758 omisso
551 2679 650 2761 bello,
665 2682 800 2764 nuptias
813 2681 902 2764 facit,
915 2681 1250 2766 ‘depositisquehosti

268 2765 362 2846 libus
378 2763 558 2844 animiain
574 2765 742 2831 affinitatis
752 2767 831 2853 jura
842 2767 1002 2842 succedit.
1055 2782 1059 2808 ³

261 2961 263 2963 ,
325 2887 387 2962 -;“
695 2887 924 2980 carnus]
997 2881 1001 2892 ’

373 3053 376 3058 ,
489 2985 1034 3065 lmyptas‚.1>}1fflppinagn1patcr.
1070 3061 1077 3069 ,

222 3099 261 3157 13
336 3089 415 3154 Post
435 3087 582 3156 Bubaris
610 3091 789 3156 discessum
816 3110 840 3156 a
859 3091 1064 3156 Macedonia
1088 3092 1250 3176 Amyntas

271 3181 333 3240 rex
354 3173 493 3242 decedit.
530 3176 636 3264 Cujus
655 3176 724 3241 filio
751 3179 783 3242 et
797 3176 979 3242 successori
990 3176 1188 3241 'Alexandro
1201 3197 1250 3239 co·

273 3262 385 3345 gnatio'
400 3261 543 3326 Bubaris
565 3283 633 3326 non
648 3262 744 3326 Darii
766 3265 894 3328 tantum
917 3262 1120 3349 temporibus
1136 3283 1250 3348 pacem

273 3348 453 3432 praestitit,
475 3353 592 3412 uerum
609 3349 707 3411 etiam
722 3349 874 3412 Xerxem:
884 3349 968 3414 adeo
982 3347 1188 3428 ¹oon'oiliavit,
1204 3355 1250 3424 ut,

274 3452 376 3517 quum
393 3433 568 3497 Graeciam
585 3431 702 3514 *v'cluti'
713 3433 1074 3520 tempestasquaedam
1097 3445 1250 3522 occupas

272 3526 330 3600 set,
353 3519 440 3618 inter
454 3518 635 3606 Olympum
649 3517 1021 3606 Haemumquemontes
1036 3521 1136 3584 totius
1145 3519 1251 3605 regie
