2678 4246
253 299 293 361 54
542 301 682 355 susim
698 299 946 352 meremini

225 451 642 624 alitigitilliitla
653 473 724 603 ili
745 451 1238 600 irtliuiittiiii

141 645 149 658 ·
251 623 453 688 suffecerunt
472 623 676 709 Lycurgum.
720 559 765 685 bt
784 642 827 686 ns
850 643 917 707 qua
937 619 1143 709 temporibus
1166 643 1238 684 mu-

252 709 333 774 tatio
360 708 508 790 deesset,
535 730 555 772 a
580 707 625 771 ud
650 706 942 791 Carthaginienses
968 727 1101 794 quoqne
1123 714 1239 772 aetate

252 794 429 858 immatura
454 793 524 858 dux
584 791 720 856 annibal
746 793 970 873 constituitur,
998 813 1065 856 non
1091 792 1239 876 penuria

252 879 420 944 seniorum
426 925 436 960 ,
458 877 518 942 sed
538 879 614 942 odio
629 877 869 958 Romanorum,
891 898 956 964 quo
974 875 1141 942 imbutum
1159 899 1237 941 eum

250 983 273 1027 a
287 963 430 1048 puemtia
450 963 614 1027 sciebant:
636 961 736 1027 fatale
756 983 824 1026 non
845 970 913 1026 tam
934 961 1109 1042 Romanis,
1134 983 1237 1048 quam

223 1047 318 1134 sipsi
336 1047 472 1112 Africae
497 1045 631 1112 malum.
654 1047 738 1112 ‘His
764 1047 899 1133 regibus
924 1048 1037 1133 pueris
1061 1047 1127 1112 etsi
1148 1046 1237 1111 nulli

253 1134 392 1198 senioris
414 1134 531 1198 ostada
551 1141 692 1198 rectores
715 1142 825 1214 erant,
847 1141 958 1198 temen
978 1155 1081 1219 quum
1096 1153 1236 1198 suorum

252 1219 393 1306 quisque
407 1219 570 1305 majorum
584 1219 726 1301 vestigio
740 1225 950 1304 sequeretur,
965 1239 1088 1301 magna
1102 1216 1235 1282 indoles

251 1304 383 1367 virmtis
399 1304 526 1369 enituit.
562 1301 660 1370 Solus
676 1301 900 1378 Ptolemaeus,
921 1305 1008 1368 sicut
1021 1302 1185 1368 scelestus
1200 1303 1234 1366 iu

253 1389 445 1472 occupando
460 1411 578 1476 regno,
593 1389 642 1452 ita
656 1396 689 1452 et
703 1389 816 1474 segnis
831 1389 866 1452 in
881 1386 1145 1452 administrando
1160 1387 1232 1453 fuit.

675 1558 751 1611 cAP.
772 1561 809 1612 IL

252 1595 438 1713 amonius,
455 1655 512 1700 rex
528 1641 922 1768 nllrloeffiffiffifflw
939 1642 1085 1700 omnium
1103 1643 1185 1713 petit
1200 1643 1231 1700 ἰι

221 1821 241 1879 4
315 1813 508 1962 Philippum
528 1812 678 1877 Dardani
699 1814 867 1962 coteriihue
890 1834 1002 1877 omnes
1022 1813 1158 1877 finitimi
1177 1837 1230 1899 po-

250 1898 331 1984 puli,
349 1899 406 1985 qui
430 1919 469 1962 us
484 1895 577 1962 velut
590 1898 775 1963 immortale
791 1919 810 1961 o
835 1899 905 1962 ium
917 1920 996 1962 cum
1011 1897 1228 1964 Macedonum

249 1983 385 2066 regibus
408 1993 493 2063 erat,
517 1993 645 2048 contem
671 1991 708 2047 tu
730 1983 845 2047 aetatis
868 1982 1000 2047 assidue
1015 1983 1228 2048 lacessebant

233 2132 235 2136 ,
251 2068 375 2133 Conna
389 2067 456 2148 ille,
473 2068 632 2132 submotis
647 2006 815 2148 lostibus,
831 2089 898 2131 nan
913 2077 1085 2133 contentus
1100 2091 1162 2132 sue
1176 2069 1228 2134 dc-

248 2151 406 2234 fendisse,
422 2151 508 2216 ultro
524 2153 623 2218 etiam
638 2153 766 2221 Aetolis
781 2151 906 2218 bellum
920 2153 1045 2218 inferre
1059 2154 1227 2240 gestiebat

221 2237 346 2319 tQuae
361 2260 381 2301 a
406 2239 540 2324 'tantem
555 2238 744 2329 Demetrius
752 2285 761 2318 ,
784 2259 845 2302 rex
858 2237 1066 2324 Illyriorum,
1089 2261 1197 2324 nuper
1209 2261 1229 2302 a

249 2321 368 2404 Paula,
382 2259 532 2387 {amano
549 2323 699 2404 con‘sule,
714 2323 836 2403 victus,
854 2323 1060 2408 supplicibus
1076 2323 1227 2409 precibus

250 2407 458 2493 aggreditur,
482 2408 640 2496 injuriam
660 2408 885 2474 Romanorum
909 2431 1066 2494 querens,
1091 2418 1147 2491 qai
1168 2431 1226 2474 non

250 2502 387 2560 eontenli
401 2499 516 2558 Italiae
531 2502 686 2572 terminis,
712 2495 874 2573 imperinm
889 2501 983 2558 lolius
999 2501 1086 2560 orbis
1100 2516 1158 2574 spe
1172 2503 1225 2560 im-

242 2585 349 2659 prola
364 2587 509 2658 amplexi,
527 2585 720 2644 hellanicum
736 2585 877 2645 omnibns
890 2585 1016 2658 renibus
1026 2593 1149 2660 aeram.
1174 2585 1227 2644 Sia

250 2669 321 2730 illos
336 2669 482 2744 Siciliae,
503 2672 552 2729 sie
566 2671 739 2730 Sardiniae
755 2667 1003 2743 Hispanumque,
1027 2672 1075 2729 sie
1096 2669 1226 2745 deniqne

250 2756 344 2814 lotias
355 2755 487 2828 Africae
502 2757 664 2830 imperinm
679 2755 881 2828 affectantes,
904 2755 1014 2813 bellam
1029 2771 1098 2825 eam
1113 2755 1225 2815 Poenis

251 2844 281 2898 el
305 2838 484 2898 Hannibale
512 2843 711 2914 suscepisse;
740 2839 803 2900 sibi
829 2855 951 2917 qaoque
979 2855 1041 2899 non
1068 2842 1164 2902 aliam
1190 2840 1226 2900 ol

249 2939 393 2997 eausam,
414 2940 506 3000 qaam
522 2927 607 3000 qaod
620 2927 735 2993 Italiae
750 2927 900 2996 finitimas
919 2925 1098 2999 videbatur,
1121 2926 1227 2987 bellam

249 3011 381 3084 idaiam,
404 3013 496 3084 qnasi
509 3013 603 3086 nesus
618 3017 712 3083 esset,
736 3012 869 3085 aliquem
883 3010 1091 3086 reaemjsexia
1106 3012 1228 3085 imperii

137 3121 139 3126 ·
221 3098 355 3156 deornm
377 3098 526 3156 terminos
548 3113 624 3157 esse.
668 3095 785 3156 Sedet*
803 3099 866 3170 ipsi
886 3097 1055 3156 cavendam
1077 3113 1160 3169 esse,
1181 3111 1225 3168 ne,

122 3193 125 3201 “
250 3188 366 3256 quanio
379 3185 518 3256 'propius
539 3183 736 3256 nobiliusque
757 3183 799 3242 sil
818 3197 964 3255 reanum,
985 3187 1070 3242 lanto
1088 3185 1226 3242 wieres

247 3267 354 3326 basias
380 3267 540 3327 Romanos
565 3270 607 3326 sil
630 3267 805 3326 habiturus.
854 3259 970 3348 Super
987 3261 1089 3342 haec,
1121 3259 1227 3328 erden

247 3368 284 3412 se
304 3354 353 3425 illi
377 3369 491 3430 regno,
519 3354 604 3428 qnod
622 3348 1021 3426 Romani'oeaipaaerinl,
1048 3345 1225 3432 profitetur,

249 3440 371 3511 aralius
389 3437 567 3510 habitares,
590 3439 621 3498 si
639 3440 673 3497 ia
681 3440 888 3512 possessione
903 3439 1028 3512 imperii
1045 3439 1097 3498 sni
1110 3441 1225 3498 somam

221 3523 368 3596 lpotius,
395 3539 487 3596 qaam
512 3525 618 3584 liosles
642 3525 768 3582 siderei.
819 3515 1057 3604 Hujuscemodi
1082 3518 1225 3582 oratimm
