2678 4246
239 351 297 415 ns
522 328 664 408 ross-nu
680 349 931 406 meromssuu

237 506 327 574 tibus
342 506 449 594 primo
464 505 629 586 finitimis,
652 513 767 591 postea
781 505 879 570 etiam
893 503 1170 589 prohibentibus‚.·
1181 502 1218 568 in
1278 527 1281 532 ·

237 600 367 658 tantum
380 589 555 679 protulere,
567 600 681 656 utnon
693 592 857 655 immensa
867 599 993 655 tantum
1005 611 1044 654 ac
1053 588 1218 674 profunda

179 751 182 756 ,
237 699 571 768 camporumfflerum
588 677 686 742 etiam
725 684 880 761 raerupta
894 675 1027 740 collium
1042 675 1218 740 montium·

209 772 303 852 iique
314 762 420 828 ardua
431 761 674 848 occupaverint.
700 698 754 826 Ex
764 782 830 849 quo
841 760 887 843 iit,
898 760 1100 846 utParthiae
1112 759 1218 846 plera-

238 870 303 937 que
315 847 430 918 finium
443 856 502 914 aut
512 857 621 913 aestus
633 855 691 912 aut
700 846 830 932 frigoris
839 845 1031 932 magnitudo
1040 845 1218 932 possideat,

238 934 363 1022 quippe
378 955 480 1022 quum
495 943 624 1000 montes
640 935 700 1001 nix
715 941 748 996 et
762 953 894 1018 campos
909 941 1021 1024 mutus
1033 931 1174 1008 infestet,
1267 951 1271 958 ·

454 1171 499 1226 Ite
516 1086 801 1228 rsunorffioffs
818 1169 999 1240 proeliandi.

208 1286 228 1344 6
256 1303 268 1332 ο
301 1273 552 1339 Administratio
568 1271 676 1360 gentis
691 1251 1219 1359 post'defectionemMacedoniei
1335 1251 1336 1330 i

237 1359 368 1446 imperii
383 1358 446 1426 sub
461 1358 597 1444 regibus
612 1359 685 1426 fuit.
729 1358 906 1428 Proximus
920 1358 1085 1424 ma’estati
1099 1380 1217 1444 regum

237 1466 410 1530 magorum
436 1443 516 1509 ordo
542 1452 607 1522 est3
634 1466 677 1508 ex
701 1443 764 1508 hoc
786 1443 887 1508 duces
907 1443 942 1508 in
964 1382 1063 1526 iulo,
1089 1465 1133 1508 ex
1154 1442 1218 1508 hoc

208 1539 380 1600 urestores
401 1530 436 1594 in
451 1551 533 1614 pace
547 1528 681 1594 habent.
702 1549 706 1556 ’
724 1529 840 1594 Sermo
856 1528 909 1594 his
923 1529 1010 1594 inter
1023 1526 1217 1616 Scythicum

236 1615 470 1716 Medicumque
485 1614 612 1680 medius
628 1623 661 1679 et
676 1613 841 1702 utrimque
852 1614 987 1679 mixtus.
1017 1613 1126 1679 Vestis
1138 1614 1219 1678 olim
1336 1638 1337 1658 ι

238 1701 290 1768 sui
311 1722 422 1780 mons,
446 1711 660 1852 posteaquam
676 1721 844 1766 accessere
859 1721 950 1788 opes,
971 1708 1009 1765 ut
1022 1695 1218 1788 Medis'per·
1336 1725 1337 1772 3

207 1786 352 1859 8lucida
365 1809 404 1851 ac
418 1785 531 1852 fluida.
592 1807 738 1851 umorum
753 1786 879 1870 patrius
895 1807 934 1850 ac
945 1784 1120 1871 Scythicus
1135 1795 1216 1850 moa

237 1873 431 1939 Exercitum
446 1893 524 1953 nou,
545 1881 583 1936 ut
595 1871 681 1936 aliae
696 1881 822 1956 gentes,
837 1869 1026 1953 liberorum,
1043 1870 1102 1935 sed
1116 1872 1219 1959 majo·

205 2003 209 2010 -
238 1980 309 2024 rem
323 1967 451 2044 partem
465 1958 671 2022 servitiorum
684 1955 816 2039 habent,
832 1977 973 2042 quorum
985 1955 1116 2042 vulgus,
1131 1955 1217 2044 nulli

186 2097 189 2102 .
238 2041 493 2110 manumittendi
503 2051 664 2130 potestate
676 2041 845 2128 permissa,
857 2042 892 2106 in
904 2041 974 2108 dies
986 2042 1112 2109 crescit.
1144 2041 1219 2106 Ser·

238 2151 355 2196 vorum
379 2127 500 2192 liberos
521 2129 594 2213 pari
617 2149 665 2191 ac
679 2149 755 2193 suos
771 2149 852 2193 cura
866 2124 999 2207 habent,
1015 2133 1055 2198 fet
1069 2149 1087 2192 e
1111 2128 1218 2192 uitare

160 2259 161 2264 κ
239 2222 272 2279 et
293 2214 448 2298 sagittare
475 2235 597 2299 magna
622 2212 787 2278 industria
814 2211 941 2278 docent
986 2147 1218 2298 Locuriietissi-

238 2320 314 2365 mus
335 2308 373 2363 ut
394 2298 534 2448 quisque
557 2307 615 2379 est,
637 2299 685 2363 ita
730 2299 818 2363 lures
839 2299 874 2362 in
898 2297 987 2363 bello
1003 2300 1130 2384 equites
1144 2296 1217 2384 regi

239 2405 299 2450 suo
324 2403 403 2472 prae
428 2392 469 2448 et
513 2383 668 2470 Denique
746 2385 836 2449 tonio
862 2382 988 2450 bellum
1011 2383 1142 2448 Parthis
1166 2383 1216 2446 in-

238 2470 358 2538 ferenti
369 2492 471 2558 quum
481 2470 562 2556 quin
587 2469 989 2557 uagintsmilliaequitum
997 2473 1215 2550 occurrerent,

209 2556 301 2626 ttsoli
316 2555 551 2644 quadringenti
564 2492 662 2620 iiberi
676 2554 777 2620 fuere.
814 2555 972 2622 Cominus
987 2556 1023 2620 in
1038 2555 1111 2620 acie
1125 2573 1217 2641 proe-

238 2643 325 2723 liari,
340 2652 397 2706 aut
409 2639 558 2706 obsessas
570 2661 763 2726 expugnare
774 2639 873 2706 urbes
881 2641 1041 2705 nesciunt.
1062 2640 1217 2726 Pugnant

239 2737 298 2792 aut
319 2725 589 2811 procurrentibus
611 2728 715 2812 equis,
738 2735 796 2791 aut
815 2734 909 2811 terga
924 2726 1095 2810 dantibus3
1118 2745 1217 2810 saepe

125 2873 128 2880 r
240 2812 338 2878 etism
353 2812 466 2898 fugam
482 2812 648 2894 simulant,
669 2820 707 2876 ut
720 2812 920 2876 incautiores
934 2813 1147 2899 insequentes
1162 2811 1217 2875 ha

238 2897 348 2962 beent
381 2898 522 2982 Signum
538 2896 589 2962 his
605 2899 639 2962 in
651 2896 780 2998 proelio
795 2909 861 2961 nou
876 2897 967 2978 tuba
983 2897 1040 2962 sed
1057 2906 1215 2982 tympano

190 2993 231 3052 10
240 2983 346 3054 datur.
376 2981 449 3047 Nee
461 3004 611 3068 pugnare
626 2982 684 3047 diu
696 2993 847 3068 possuut3
863 2991 1006 3047 ceterum
1018 2975 1218 3048 intolerandi

240 3069 357 3149 forent,
379 3069 408 3133 si
428 3079 571 3155 quantus
587 3067 639 3133 his
652 3069 798 3154 impetus
812 3078 869 3150 est,
892 3069 943 3134 vis
958 3077 1049 3134 tanta
1063 3077 1097 3134 et
1110 3087 1217 3156 perse

239 3154 391 3220 verentia
405 3163 499 3220 esset
541 3154 674 3236 Plerum
700 3176 741 3219 ue
755 3155 791 3218 in
805 3155 877 3238 ipso
898 3153 1015 3219 ardore
1029 3154 1217 3224 certaminis

240 3241 367 3330 proelia
389 3239 545 3306 deserunt
558 3261 597 3304 ac
611 3176 712 3327 panio
726 3249 800 3326 post
813 3261 960 3326 pugnam
975 3263 1018 3306 ex
1032 3239 1114 3325 fuga
1127 3235 1218 3391 requ-

239 3335 329 3409 tunt,
345 3334 391 3410 ut²
431 3337 510 3391 uum
526 3326 670 3390 maxime
683 3321 803 3390 vicisse
818 3337 850 3390 te
864 3333 1065 3413 putes,·tuno
1078 3323 1140 3390 tibi
1179 3326 1218 3390 is

191 3413 366 3479 llcrimeu
386 3435 424 3481 su
449 3411 596 3477 eundum
616 3413 667 3476 sit.
702 3407 945 3488 Munimentum
960 3409 1042 3498 ipsis
1057 3411 1218 3498 equisque

149 3537 151 3542 ·
240 3497 364 3564 loricae
383 3495 551 3584 plumatae
572 3507 665 3580 sunt,
688 3517 773 3584 quae
785 3507 972 3583 utrumque
992 3506 1060 3562 toto
1081 3503 1218 3588 corpote

240 3590 365 3670 tegunt.
394 3583 479 3648 Auri
493 3583 689 3672 argentique
703 3582 818 3649 nullus
832 3582 898 3648 nisi
911 3584 947 3648 iu
962 3583 1062 3649 armis
1077 3603 1168 3648 usus.
