2678 4246
243 369 284 434 52
534 377 674 429 mermi
691 377 939 430 macomus!

243 528 380 592 mettius
399 547 473 606 rex,
495 527 611 592 relicto
626 527 695 592 filio
710 526 865 614 Philippo
880 527 1019 615 parvulo
1034 527 1237 610 admodum,

244 611 391 689 decedit,
407 613 461 676 cui
476 611 665 698 Antigonus
680 621 769 678 tutor
784 613 897 694 datus,
913 621 1049 700 accepta
1062 615 1098 680 in
1112 615 1240 678 matri-

244 699 391 762 monium
403 706 508 761 matrc
544 696 649 784 upilli,
660 720 774 782 regem
785 720 821 762 se
832 699 1031 764 constituere
1042 697 1238 764 laborabat.

194 791 234 850 13
243 783 419 870 interjecto
432 721 552 847 deinde
563 791 721 868 tempore,
736 805 838 869 quum
850 783 1012 848 seditione
1022 784 1142 848 minaei
1152 783 1240 849 Ma-

244 868 408 934 cedonum
422 867 556 932 clausus
570 869 606 931 in
621 871 715 952 regia
727 875 904 950 teneretur,
919 870 955 933 in
969 867 1241 955 publicum-sine

243 952 441 1018 satellitibus
456 950 620 1039 procedit3
635 953 847 1041 projectoque
858 955 894 1018 in
905 953 1027 1038 vulgus
1040 953 1241 1020 diademate

243 1061 283 1103 ae
298 1059 447 1123 purpura
457 1046 538 1104 tiore
550 1045 633 1104 Isaeo
647 1061 702 1104 eos
714 1046 806 1104 alteri
814 1038 921 1126 jubet,
937 1047 991 1120 qui
1002 1050 1057 1104 eut
1069 1046 1241 1118 imperare

243 1131 307 1190 illie
321 1132 459 1203 nesciat,
481 1135 537 1188 eut
550 1132 603 1189 eas·
611 1145 728 1204 parere
742 1132 805 1204 ipsi
818 1133 939 1201 sciona·
960 1145 996 1189 se
1017 1130 1119 1190 adhuc
1138 1132 1239 1190 invi-

244 1218 366 1276 diosum
381 1216 460 1274 illud
472 1230 599 1289 reanum
615 1231 677 1273 non
692 1215 913 1288 voluptatibus,
934 1215 1168 1274 sectatoribus
1188 1233 1241 1276 ae

192 1301 233 1360 14
236 1302 394 1376 perieulis
407 1303 530 1360 sentire.
568 1293 812 1360 Commemorat
832 1293 952 1360 deinde
972 1293 1131 1358 beneficia
1144 1316 1237 1360 sua:

242 1392 278 1446 ut
288 1386 442 1458 defection
447 1399 493 1443 em
503 1387 661 1444 sociorum
673 1387 888 1460 vindicaverit,
901 1392 936 1444 ut
944 1385 1111 1444 Dardanos
1125 1385 1238 1446 Thes-

241 1472 391 1544 salosque
405 1471 595 1529 exsultantes
609 1478 708 1530 morte
722 1470 871 1530 Demetrii
889 1473 973 1544 reaia
988 1473 1237 1544 compescuerit,

242 1562 280 1617 at
290 1557 425 1630 deaeque
439 1556 621 1628 differitatem
631 1555 837 1614 Macedonum
851 1558 1024 1615 nouaclum
1036 1555 1235 1629 defenderit,

243 1642 451 1702 verumetiam
464 1642 598 1700 eucerii.
622 1640 758 1711 Quorum
766 1643 797 1700 ss·
807 1642 878 1700 illos
885 1643 1055 1715 poeniteat,
1068 1641 1239 1714 deponere

242 1745 278 1787 se
299 1728 462 1802 imperium
482 1732 513 1784 et
532 1726 665 1785 reddere
686 1725 749 1784 illis
769 1742 879 1784 munus
892 1742 998 1797 mum,
1022 1727 1096 1800 qaia
1116 1741 1238 1800 recem

193 1813 232 1874 15
243 1817 407 1889 quaerant,
424 1813 477 1870 eui
491 1812 648 1884 imperent.
687 1804 799 1885 Quum
815 1804 957 1890 populus
973 1803 1098 1892 pudore
1111 1814 1236 1870 motus
1333 1843 1334 1868 i

241 1893 390 1977 recipere
405 1911 481 1954 eum
491 1911 632 1974 regnum
640 1888 787 1976 juberet,
802 1898 869 1954 tam
884 1889 942 1954 diu
953 1891 1126 1970 recusavit,
1143 1911 1237 1976 quo-

242 1976 286 2042 ad
300 1975 471 2042 seditionis
486 1984 635 2041 auctores
650 1974 814 2061 supplicio
829 1974 1045 2040 traderentur.
1333 1973 1334 1990 ¹

477 2212 645 2280 mesenus
662 2129 827 2281 gfflds
844 2212 987 2269 devimost.

192 2321 257 2382 16-
293 2315 386 2404 'Post
396 2314 479 2380 haec
489 2313 615 2379 bellum
627 2313 798 2398 Spartanis
809 2313 918 2396 infert,
955 2315 990 2378 ui
1001 2314 1064 2381 soli
1074 2313 1238 2404 Philippi

240 2399 492 2488 Alexandrique
502 2399 600 2464 bellis
613 2408 646 2464 et
656 2400 833 2484 imperium
843 2337 1064 2465 Macedonum
1076 2407 1108 2465 et
1117 2403 1239 2466 omni-

240 2485 305 2552 bus
319 2485 498 2550 metuenda
512 2507 606 2548 arma
619 2493 894 2569 contempserant.
926 2484 1019 2550 Inter
1032 2485 1114 2552 duas
1128 2485 1237 2551 nobi-

241 2571 383 2637 lissimas
398 2579 513 2656 gentes
528 2570 654 2634 bellum
674 2571 812 2634 summis
827 2571 994 2657 utrimque
1009 2569 1134 2635 umbus
1150 2569 1237 2655 fuit,

200 2678 204 2691 ¹
242 2675 346 2744 quum
360 2655 397 2720 hi
412 2677 471 2743 pro
482 2665 594 2720 vetera
605 2654 825 2720 Macedonum
837 2654 953 2740 gloria,
968 2655 1019 2719 illi
1034 2677 1100 2721 non
1115 2654 1239 2722 solum

267 2763 301 2806 ro
323 2740 452 2804 illibata
470 2739 636 2821 libertate,
659 2740 832 2804 sedetiam
852 2761 912 2824 pro
928 2740 1034 2805 salute
1049 2748 1236 2808 certarent.
1330 2795 1331 2820 2

101 2831 174 2895 221.
191 2834 232 2892 17
273 2826 330 2891 icti
344 2825 600 2890 Lacedaemonii
617 2847 686 2890 non
706 2826 771 2910 ipsi
790 2833 934 2907 tantum,
959 2825 1130 2890 sedetiam
1145 2845 1239 2892 con-

236 2914 338 3000 juges
353 2909 516 2996 liberique
531 2932 651 2996 magno
668 2911 779 2974 animo
793 2911 958 2975 fortunam
974 2910 1089 2976 tulere.
1116 2910 1237 2978 Nemo

243 2997 368 3084 quippe
382 2996 418 3060 in
434 2996 505 3060 acie
524 2994 624 3061 saluti
641 2996 804 3083 pepercit3
825 2995 920 3060 nulla
940 2997 1096 3061 amissum
1111 2996 1239 3082 conju·
1329 3045 1330 3050 η

242 3105 319 3168 gem
330 3081 436 3166 flevit3
452 3081 597 3146 filiorum
608 3091 746 3146 mortem
757 3103 852 3146 senes
864 3080 1059 3164 laudabant3
1074 3079 1237 3166 patribus

241 3170 278 3234 in
294 3169 365 3233 acie
385 3169 489 3232 caesis
509 3166 570 3232 filii
591 3164 855 3251 gratulabantur3
878 3189 972 3232 suam
987 3169 1093 3233 vicem
1108 3187 1236 3232 omnes

243 3253 417 3333 dolebant,
439 3252 530 3338 quod
544 3274 612 3316 non
626 3253 691 3338 ipsi
730 3273 765 3315 ro
805 3253 908 3316 atriae
922 3251 1074 3316 libertate
1089 3250 1237 3316 cecidis—
1328 3313 1329 3316 ,

241 3347 324 3404 sent.
351 3337 477 3404 Omnes
492 3336 681 3422 patentibus
718 3274 846 3402 omidus
861 3338 991 3402 saucios
1003 3335 1236 3424 excipiebant,
1328 3361 1329 3392 1

241 3422 383 3492 vulnera
393 3421 563 3503 curabant,
577 3422 680 3488 lassos
691 3421 891 3487 reficiebant.
915 3423 1006 3487 [nter
1016 3423 1098 3488 haee
1109 3421 1235 3490 nullus

241 3508 277 3572 in
293 3506 375 3571 urbe
396 3510 551 3595 strepitus
558 3556 567 3588 ,
590 3507 685 3572 nulla
704 3515 753 3570 tre
777 3506 895 3588 idatio,
916 3509 1090 3596 magisque
1110 3527 1234 3576 omnes

191 3598 233 3658 18
241 3591 409 3680 publicam
417 3639 427 3671 ‚
450 3615 551 3680 quam
566 3593 730 3678 privatam
745 3530 910 3657 domanam
926 3592 1095 3678 lugebant.
1131 3591 1235 3660 Inter
