2666 4246
414 313 418 320 '
503 304 613 355 LIBER
629 304 702 356 XIV.
885 303 886 310 ’
1054 302 1094 364 87

112 461 328 522 Aleucudrum
357 461 586 538 exsequiasque
615 459 750 532 benique
781 467 985 533 processuum
1017 477 1097 535 esre,

113 546 210 620 idque
233 561 299 602 eum
321 545 531 602 humanitatis
547 559 646 628 ceusu
663 544 792 616 secisse,
817 553 847 604 et
867 563 951 605 nunc
975 563 1099 622 quoque

112 635 243 688 matrem
269 630 417 701 filiusque
443 629 511 700 ejus
531 630 687 700 purvulas
713 629 897 702 frequenter
926 633 1096 692 consolari.

113 707 211 771 Tunc
233 705 357 770 Darius
379 729 414 770 se
440 727 518 770 vere
545 706 671 770 vietum
690 715 799 788 ratus,
831 731 934 794 quum
955 717 1032 795 post
1051 717 1099 774 tot
1108 719 1148 778 35

112 789 243 878 proelia
258 793 356 856 otiam
371 789 542 855 beneficiis
557 789 599 856 ab
615 790 711 856 hoste
719 802 943 878 superacutus·
954 802 1098 878 gratum·

113 875 261 962 quesibi
276 897 363 956 esse,
385 876 413 939 si
435 876 568 939 vincera
583 885 742 961 nequeat,
758 877 845 963 quod
862 901 882 942 a
896 877 955 942 tali
969 877 1097 964 potissi-

112 983 206 1024 mum
222 961 417 1024 vinceretur.
455 959 577 1024 Scribit
591 961 703 1046 itaquo
718 971 751 1026 et
765 963 877 1028 tertias
893 963 1049 1048 epistolas
1066 971 1098 1028 at

155 1045 239 1108 atlas
256 1045 333 1128 agit,
349 1043 439 1130 quod
453 1044 539 1108 nihil
554 1044 589 1108 in
603 1067 682 1110 suos
697 1045 816 1112 hostile
830 1047 953 1112 facerit.
974 1067 975 1072 ’
992 1047 1098 1112 Offert

138 1128 238 1193 einde
252 1130 409 1214 majorem
446 1137 549 1192 artem
572 1131 668 1214 regni
688 1152 793 1216 usquo
807 1130 930 1196 flumen
946 1131 1097 1217 Euphra-

111 1223 182 1278 tem
210 1222 242 1276 et
264 1213 400 1278 alteram
420 1153 523 1278 Aliam
545 1235 683 1280 uxorem
690 1262 701 1296 ,
726 1237 785 1302 pro
805 1215 942 1302 reliquis
956 1215 1097 1302 captivis

112 1299 253 1382 triginta
267 1297 372 1362 millia
386 1297 556 1362 talentum.
585 1298 641 1363 Ad
655 1298 738 1364 baec
752 1299 953 1381 Alexander,
974 1309 1096 1380 oratic·
1107 1311 1147 1370 36

112 1406 184 1446 rum
208 1391 360 1446 actionem
384 1389 424 1446 ab
445 1390 820 1462 oosteeuperuacaneam
851 1408 936 1462 esse,
963 1405 1097 1471 respon·

114 1467 166 1531 dit
191 1465 448 1552 polliceturque,
474 1479 709 1546 praestaturum
730 1492 766 1532 se
788 1491 826 1532 ea
848 1475 965 1548 llario,
993 1479 1024 1533 si
1045 1491 1096 1532 se-

112 1559 239 1618 cundus
267 1559 346 1629 sibi,
377 1574 439 1616 non
465 1563 531 1630 par
551 1559 665 1623 ,dabat
695 1559 772 1619 uelit.
828 1560 965 1618 Celerum
996 1575 1098 1633 aeque

114 1641 263 1702 mundum
271 1657 371 1716 posse
387 1643 507 1700 duobus
521 1643 641 1703 solibus·
655 1647 734 1718 reat,
748 1661 849 1717 neque
859 1645 966 1703 orbem
976 1657 1097 1702 summo

115 1729 179 1788 duo
204 1743 304 1800 reque
325 1729 412 1786 solvo
434 1735 517 1786 elatu
539 1734 693 1786 terrenum
716 1729 854 1799 tobere;
880 1730 1021 1802 proinde
1044 1735 1098 1788 out

115 1813 308 1872 deditionem
331 1827 369 1869 eu
391 1813 451 1883 die,
476 1821 530 1870 out
552 1814 764 1886 inposterum
786 1817 888 1871 aciem
907 1817 1015 1887 paret,
1038 1827 1098 1872 uec

108 1897 386 1970 pollicenturque·
408 1897 511 1965 oliam,
536 1912 629 1970 quam
650 1898 692 1954 sit
714 1904 870 1970 expertus,
894 1900 1067 1957 uictoriam.

535 2041 611 2096 OAP.
628 2043 676 2094 IX.

386 2121 557 2206 Alexander
575 2125 645 2182 ante
655 2121 821 2194 'proellum

183 2224 319 2290 Postera
334 2225 387 2290 die
403 2226 507 2290 aciem
521 2225 719 2312 producunt.
764 2225 850 2291 Tum
871 2235 1007 2312 repente
1022 2235 1098 2290 ante
1108 2239 1147 2295 37

116 2309 536 2397 proeliumAlexandrum
552 2311 738 2376 confectum
759 2313 849 2376 curis
870 2333 1004 2376 somnus
1020 2313 1097 2376 arri-

117 2395 201 2481 pnit
233 2393 344 2474 Quum
365 2395 408 2460 ad
422 2417 570 2480 pugnam
591 2393 682 2460 solus
696 2417 756 2462 rex
772 2395 917 2476 deesset,
934 2419 954 2459 a
967 2397 1099 2462 Parma-

117 2480 220 2544 nione
231 2501 330 2564 aegre
342 2481 502 2546 excitatus
515 2488 572 2561 est,
582 2487 681 2565 atque
696 2479 931 2579 quaerentibus
946 2479 1098 2544 omnibus

116 2565 228 2628 somni
243 2583 359 2628 causas
375 2565 460 2630 inter
474 2563 638 2648 pericula,
659 2585 753 2650 cujus
768 2565 867 2628 etiam
882 2564 918 2628 in
935 2565 1000 2628 otio
1017 2586 1099 2628 sem-

117 2669 182 2734 per
195 2649 326 2734 parcior
340 2648 453 2712 fuerit:
476 2671 589 2728 maone
604 2671 641 2714 se
656 2660 743 2714 cestu
759 2655 939 2727 liberatura,
962 2649 1023 2728 ait,
1044 2669 1098 2712 so·
1173 2694 1178 2702 .

117 2755 282 2812 aeuumque
296 2740 360 2798 sibi
375 2755 395 2796 u
410 2741 571 2812 repemina
585 2740 752 2799 securitate
768 2739 883 2811 delum,
899 2740 984 2812 qood
997 2741 1101 2809 liceat,

117 2841 190 2884 cum
213 2824 355 2898 omnibus
376 2823 468 2884 Duru
490 2825 592 2896 copiis
613 2824 800 2896 corallium
825 2827 952 2883 veritum
974 2841 1009 2882 se
1032 2839 1100 2884 esse

120 2910 247 2982 leucum
271 2908 343 2968 belli
362 2925 499 2980 uorum,
528 2910 558 2968 si
578 2908 696 2968 Persae
717 2912 888 2969 exercitum
912 2909 1098 2967 divisissent.

118 2987 209 3050 Ante
247 2985 387 3054 realium
403 2995 543 3134 utraque
559 2986 646 3051 acies
661 2983 809 3052 hostibus
824 2985 1012 3072 spectaculo
1027 2983 1099 3051 fuit.
1110 2993 1151 3052 38

117 3009 318 3137 Macedones
344 3071 476 3136 multitu
499 3072 589 3136 inem
611 3070 800 3150 hominum,
830 3091 1004 3156 corporum
1033 3089 1101 3135 ma·

170 3155 330 3223 'tudinem
346 3177 577 3241 armorumque
591 3154 871 3241 pulchritudinem
885 3153 1100 3218 mirabantur.

148 3262 253 3320 ersae,
269 3263 290 3304 a
303 3249 371 3304 tam
385 3242 500 3325 paucis
515 3249 563 3304 tot
577 3238 683 3324 millia
697 3259 832 3303 suorum
846 3239 935 3304 victa
950 3260 1020 3302 esse
1035 3245 1101 3304 stu·

143 3323 254 3390 ebant
300 3324 367 3390 Sed
394 3345 456 3394 uec
486 3323 587 3390 duces
615 3323 788 3390 circumire
814 3344 891 3388 suos
918 3322 1101 3391 cessabant.

156 3411 264 3490 arius,
295 3418 348 3474 utu
371 3417 460 3474 deuio
483 3418 614 3476 or'muu's
635 3416 778 3488 sinuatos
798 3415 918 3487 hoster,
941 3416 971 3472 oi
987 3415 1100 3476 divisio

117 3502 218 3574 fieret,
242 3502 372 3572 everrere,
396 3493 537 3558 dicebat.
571 3491 763 3561 Alexander
777 3491 976 3560 Macedones
992 3499 1151 3563 mona-39

352 3744 361 3774 l
