2678 4246
478 359 587 412 LIBER
604 359 728 412 xxvln.
1052 361 1092 421 45

86 507 353 574 versusGallos
365 511 441 574 totis
452 509 578 586 viribus
589 509 817 595 proficiscitur.
841 509 970 592 Quibus
981 512 1143 595 cogni-16

87 594 144 657 tis
161 592 267 674 Galli,
285 615 387 679 quum
402 603 436 658 et
450 595 515 681 ipsi
531 616 566 658 se
578 595 703 680 proelio
715 607 884 680 pararent,
895 596 930 659 in
944 597 1092 680 auspicia

88 697 245 764 pugnae
266 678 389 744 hostias
411 680 571 761 caedunt,
596 700 735 766 quarum
752 681 835 745 extis
852 703 954 770 quum
970 702 1093 766 magna
1138 725 1142 734 ·
1176 689 1177 694 ’

91 763 230 828 caedes
256 765 408 830 interitus
434 787 476 830 ue
502 766 649 832 omnium
676 765 936 849 praediceretur,
963 785 1031 831 non
1055 767 1092 831 in

90 850 277 930 timorem,
293 850 401 916 sedin
453 871 560 914 rorem
575 849 677 930 versi,
692 859 939 938 sperantesque,
955 850 1091 916 deorum

92 935 218 1000 minas
233 935 362 1020 expiari
373 933 474 1000 caede
486 954 619 1000 suorum
632 951 738 1019 posse,
755 938 914 1023 conjuges
927 944 959 1001 et
968 935 1091 1002 liberos

92 1041 187 1084 suos
203 1020 370 1084 trucidant
398 1021 548 1107 auspicia
561 1020 642 1085 belli
657 1041 678 1083 a
691 1023 869 1106 parricidio
885 1023 1092 1108 incipientes.

94 1097 222 1170 Tan'te
233 1104 343 1170 rabies
357 1067 443 1170 leros
458 1107 585 1170 animos
599 1107 775 1187 invaserat,
792 1115 829 1172 ut
841 1129 907 1172 nou
920 1115 1093 1192 parcerent

95 1192 221 1271 aetati,
236 1191 292 1254 eui
306 1191 404 1254 etiam
420 1191 531 1256 hostes
542 1191 776 1277 pepercissent,
792 1191 983 1278 bellumque
994 1194 1092 1256 inter-

94 1276 266 1340 necivum
282 1297 357 1339 cum
373 1275 486 1340 liberis
501 1275 748 1362 liberorumque
759 1277 917 1342 matribus
929 1288 1092 1362 gererent,

97 1381 170 1446 pro
186 1360 309 1446 quibus
323 1359 412 1426 bella
426 1362 549 1510 suscipi
565 1359 680 1426 solent.
717 1361 834 1448 ltaque
854 1365 949 1449 quasi
969 1362 1092 1427 scelere
1103 1371 1143 1430 ll

97 1446 212 1510 vitam
224 1445 463 1534 victoriamque
473 1468 509 1510 re
534 1447 699 1527 emissent,
711 1447 797 1512 sieut
807 1458 901 1514 erant
911 1449 1038 1513 cruenti
1050 1469 1093 1513 ex

99 1531 237 1596 recenti
247 1551 382 1596 suorum
392 1529 502 1615 caede,
514 1533 550 1597 in
558 1531 722 1616 proelium
734 1554 802 1597 non
814 1533 948 1598 meliore
960 1543 1092 1614 eventu,

100 1637 212 1702 quam
223 1619 334 1680 omine
344 1616 607 1703 proficiscuntur,
623 1617 787 1704 siquidem
802 1627 989 1704 pugnantes
1000 1619 1091 1704 prius

100 1701 362 1787 parricidiorum
378 1701 498 1784 furiae,
514 1725 615 1788 quam
631 1701 742 1766 hostes
757 1706 1021 1786 circumvener03
1037 1703 1092 1767 ob
1127 1747 1129 1752 -

102 1786 320 1856 versantibus
344 1808 388 1851 ue
409 1795 485 1852 ante
500 1787 613 1853 oeulos
632 1786 791 1852 manibus
809 1790 1091 1873 interemptorum,

104 1893 226 1937 omnes
242 1809 413 1938 occidione
429 1874 525 1938 caesi.
558 1873 668 1938 Tanta
683 1882 808 1958 strages
823 1874 901 1956 fuit,
918 1885 956 1938 ut
969 1875 1092 1958 pariter

104 1955 1092 2045 cumhominibusdiiinexitiumparricidarumconsensisse

105 2042 314 2108 viderentur.
337 2042 523 2192 P⁰⁵ih¹¹lf¹⁸
536 2065 669 2130 pugnae
680 2053 835 2109 eventum
844 2045 1051 2111 Ptolemaeus
1061 2052 1143 2112 etro

105 2127 267 2212 Spartani
286 2128 443 2193 victorem
489 2129 609 2193 ostium
633 2129 811 2194 exereitum
831 2130 1035 2195 declinantes
1056 2131 1092 2193 in

105 2215 233 2278 tutiora
244 2235 279 2277 se
289 2214 464 2300 recipiunt.
483 2214 672 2300 Antigonus
682 2237 823 2301 quoque,
836 2216 894 2281 ubi
907 2239 1019 2280 eorum
1030 2215 1093 2279 dis·

107 2319 242 2364 cessum
257 2297 361 2379 videt,
376 2300 500 2363 recenti
516 2296 625 2363 adhuc
641 2321 683 2363 ex
697 2301 807 2400 priore
823 2301 962 2368 victoria
977 2300 1092 2365 ardore

107 2383 266 2465 militum,
286 2382 412 2448 bellum
426 2383 687 2450 Atheniensibus
701 2385 810 2449 mfert.
847 2386 887 2450 In
908 2408 973 2473 que
1013 2408 1092 2449 uum
1104 2393 1142 2449 19

108 2477 291 2555 occupatus
307 2477 400 2550 esset,
415 2469 548 2534 interim
563 2469 764 2549 Alexander,
779 2493 839 2534 rex
853 2471 958 2557 Epiri,
977 2409 1093 2535 ulcisci

108 2563 253 2618 mortem
270 2556 372 2638 patris
389 2554 509 2640 Pyrrhi
530 2555 683 2640 cupiens,
705 2554 789 2619 fines
803 2555 1018 2621 Macedoniae
1039 2554 1093 2619 de-

108 2638 299 2726 populatur.
326 2639 498 2704 Advereus
515 2661 613 2725 quem
629 2662 732 2725 quum
748 2635 935 2705 reversus'a
950 2640 1093 2705 Graecia

108 2724 302 2809 Antigonus
324 2733 425 2804 esset,
448 2725 641 2789 transitione
663 2725 806 2789 militum
829 2726 1022 2806 destitutus,
1045 2747 1093 2790 re·

134 2831 216 2873 num
231 2808 446 2880 Macedoniae
461 2831 537 2874 cum
553 2811 700 2874 exercitu
715 2811 844 2874 amittit.
858 2833 860 2838 ’
879 2810 1093 2898 Hujus‘filius
1104 2817 1145 2876 20

146 2895 304 2960 emetrius
326 2915 410 2982 puer
432 2893 627 2978 admodum,
649 2895 786 2962 absente
808 2906 918 2982 patre,
942 2906 1093 2982 reparato
1123 2905 1126 2910 ’

110 2981 262 3047 exercitu
290 3001 358 3045 non
388 2980 495 3045 solum
525 2983 679 3045 amissam
708 2981 937 3048 Macedoniam
966 2982 1093 3068 recipit,

110 3065 342 3130 verumetiam
358 3065 454 3151 Epiri
468 3087 570 3151 reguo
585 3065 815 3131 Alexandrum
831 3066 958 3166 spoliat.
986 3067 1096 3130 Tanta

110 3148 168 3214 vel
190 3149 358 3215 mobilitas
379 3151 521 3216 militum
543 3152 597 3217 vel
619 3153 770 3216 fortunae
791 3160 933 3216 venetas
953 3159 1036 3231 erat,
1057 3160 1095 3215 ut

111 3236 260 3301 vicissim
276 3257 371 3320 reges
391 3256 481 3302 nuuc
500 3236 648 3319 exsules,
671 3257 762 3303 nunc
782 3258 877 3322 reges
893 3236 1093 3301 viderentur.

111 3321 158 3386 Et
179 3321 252 3408 ipsc
271 3321 479 3404 Alexander,
524 3342 604 3386 uum
627 3322 722 3386 exsul
746 3321 788 3386 ad
807 3325 999 3385 Acarnanes
1018 3327 1143 3386 oon-21

112 3403 266 3492 fugisset,
289 3429 355 3471 nou
378 3409 521 3472 minore·
549 3407 727 3493 pirotarum
752 3406 914 3472 desiderio
930 3428 1030 3494 quam
1045 3424 1100 3472 so·¹

114 3492 241 3558 olorum
257 3491 381 3558 auxilio
397 3495 587 3579 inregnum
603 3493 793 3558 restituitur.
