2666 4246
507 357 616 410 mssa
633 357 692 410 XX.
1031 357 1089 416 127

103 529 188 572 num
201 508 272 594 jam
290 529 331 571 ex
348 507 568 571 aemulatione
584 507 723 593 gloriae,
744 508 870 574 bellum
890 511 1087 596 Lysimacho

103 594 231 657 inferre
248 592 459 678 compellunt.
495 593 657 656 Ultimum
673 594 736 657 hoc
751 605 915 660 certamen
932 595 1089 660 commili-
1101 605 1139 663 19
1154 599 1229 662 281.

103 687 224 742 tonum
241 678 425 770 Aleyandri
440 677 512 742 fuit.
536 677 754 764 Lysimachus
766 690 907 764 quatuor
919 691 950 744 et
961 692 1089 764 septua-

104 767 203 874 ginta
215 785 319 826 annos
331 773 426 826 natus
439 777 518 841 erat,
527 763 685 828 Seleucus
694 775 818 848 septem
829 776 860 829 et
871 767 1089 852 septuaginta.

103 849 176 914 bed
196 851 232 913 in
255 849 317 912 hac
333 857 437 912 aetate
454 849 585 934 utrique
600 851 702 912 animi
712 851 879 936 juveniles
896 861 1003 929 erant,
1026 853 1088 914 im·

128 936 193 998 erii
219 956 260 996 ue
287 934 499 1018 cupiditatem
525 935 747 998 insatiabilem
773 936 941 1021 gerebant.
984 938 1089 1002 [usco

102 957 197 1084 bello
241 1019 429 1104 ysimachus
444 1027 591 1084 mortuus
608 1030 666 1084 est.

271 1256 390 1312 Seleuci
407 1257 518 1312 exitus.
536 1173 745 1314 cihrdhaeus
764 1259 927 1315 Ceraunus.

173 1360 296 1424 Laetus
311 1369 403 1424 tanta
416 1362 555 1424 victoria
570 1360 728 1425 Seleucus
744 1371 789 1442 et,
813 1362 903 1447 quod
921 1363 1027 1449 majus
1042 1363 1089 1425 vi·
1100 1373 1141 1430 20

84 1472 95 1486 ··
106 1448 213 1510 ctoria
228 1444 375 1532 putabat,
391 1445 496 1509 solum
514 1469 548 1510 se
564 1447 605 1508 de
620 1446 753 1510 cohorte
764 1447 948 1512 Alexandri
963 1471 1089 1512 reman-

105 1533 190 1596 sisse
209 1533 435 1616 victoremquo
457 1533 618 1596 victorum
642 1533 805 1596 exstitisse
828 1533 1002 1616 gloriatur,
1026 1556 1088 1599 non

105 1625 274 1682 humanans
306 1639 374 1680 esse
410 1638 504 1694 epac,
538 1625 596 1680 sed
625 1625 761 1681 diuinum
790 1639 922 1693 munus;
951 1620 1089 1702 ignarus

105 1723 252 1787 prorsus,
268 1722 334 1764 non
351 1701 454 1764 multo
471 1710 545 1785 post
558 1701 743 1787 fragilitatis
755 1702 920 1766 humanae
932 1725 967 1766 se
978 1705 1088 1786 ipsum

106 1787 300 1871 exemplum
320 1787 483 1850 futurum:
515 1789 637 1872 quippe
660 1796 733 1871 post
754 1809 883 1850 menses
910 1787 1088 1851 admodum

106 1881 235 1958 septem
259 1871 481 1934 aPtolemaco
505 1871 673 1951 Cerauno,
700 1875 845 1956 Aegypti
869 1873 956 1956 regis
979 1873 1088 1952 fratre,

106 1960 203 2045 cujus
225 1979 368 2020 sororem
391 1956 608 2040 Lysimachus
628 1959 663 2020 in
684 1958 893 2020 matrimonio
919 1957 1088 2037 habuerat,

105 2066 168 2130 per
188 2043 327 2106 insidias
348 2042 593 2106 circumventus
609 2043 783 2122 occiditur,
799 2063 1006 2128 regnumque
1022 2042 1089 2105 Ma·

106 2129 277 2207 cedoniae,
294 2127 383 2213 quod
394 2127 593 2211 Lysimacho
609 2130 790 2212 eripuerat,
800 2149 875 2190 cum
887 2130 957 2191 vita
967 2129 1090 2213 pariter

108 2214 237 2278 amittit.
281 2211 488 2276 Ptolemaeus
518 2213 621 2296 igitur
648 2215 754 2299 primo
784 2212 974 2298 Lysimachi
1004 2213 1137 2281 fitiosat

108 2300 287 2364 conciliare
309 2299 374 2361 sibi
397 2299 526 2380 statuit,
553 2299 753 2384 nuptiasque
782 2299 939 2362 Arsinoes
969 2299 1089 2362 sororis

25 2405 26 2442 t
108 2407 205 2465 suae,
229 2384 343 2446 matris
363 2403 492 2464 eorum,
519 2385 614 2468 petit,
631 2405 808 2466 puerorum
825 2382 1002 2471 adoptione
1016 2405 1089 2466 pro-

25 2499 26 2520 r
107 2471 218 2534 missa.
248 2470 374 2532 Fratris
391 2489 532 2553 quoque,
545 2470 631 2552 regis
639 2468 794 2554 Aegypti,
808 2467 1016 2532 concordiam
1030 2490 1090 2552 per
1100 2479 1139 2534 22

108 2554 264 2641 epistolas
293 2563 463 2638 precatur,
488 2553 670 2636 professus,
702 2563 859 2633 deponere
879 2577 914 2616 se
936 2560 1088 2631 offensam

108 2649 206 2718 erepti
224 2648 358 2718 paterni
379 2647 485 2717 renni,
514 2661 612 2717 neque
641 2647 773 2717 amplius
797 2661 817 2702 o
836 2646 939 2717 fratre
962 2647 1089 2718 qnaesi-

108 2741 221 2802 tnrnm,
247 2732 331 2803 quod
344 2732 504 2788 honestius
520 2746 539 2786 a
555 2738 691 2802 paterno
707 2731 795 2788 hoste
805 2733 991 2804 perceperit.
1023 2722 1140 2790 sedas

106 2833 170 2874 nec
185 2808 349 2895 Pyrrhus,
372 2830 432 2872 rex
447 2809 559 2892 Epiri,
576 2809 715 2872 omissus
731 2818 793 2890 est,
810 2810 867 2895 qui
884 2809 1002 2892 etipse
1018 2830 1089 2893 spo·

107 2895 189 2960 liare
205 2894 354 2978 singulos
371 2895 523 2978 cupiens,
545 2893 698 2956 omnibus
722 2916 757 2957 se
777 2895 927 2978 partibus
942 2894 1089 2956 vendita-

106 2981 174 3045 bat.
200 2980 250 3043 Ita
276 3001 317 3042 ue
334 2979 521 3043 Tarentinis
538 2979 696 3042 adversus
712 2979 876 3042 Romanos
896 2979 1022 3042 laturus
1035 3001 1090 3040 au-

105 3066 224 3130 xilium
243 3003 284 3128 ah
300 3065 468 3148 Antigono
480 3087 582 3126 naves
598 3063 641 3126 ad
653 3065 833 3128 exercitum
846 3065 880 3126 in
893 3063 1023 3126 Italiam
1037 3063 1090 3126 de-

106 3151 307 3237 portandum
322 3160 436 3212 mutuo
451 3150 541 3236 petit,
552 3149 592 3212 ab
602 3148 776 3230 Antiocho,
788 3151 846 3235 qui
860 3149 977 3295 opibus
990 3168 1089 3234 quam

106 3235 268 3299 militibus
284 3235 476 3298 instructior
490 3245 566 3310 erat,
583 3235 770 3321 pecuniam,
787 3257 807 3296 a
821 3234 881 3296 Pto
897 3254 1009 3295 emaco
1022 3232 1090 3294 Ma·

108 3323 271 3385 cadonum
294 3320 435 3384 militum
457 3321 592 3383 auxilia.
630 3319 696 3384 Sed
717 3319 925 3383 Ptolemaeus
942 3319 1089 3403 quinque

106 3406 213 3471 millia
235 3405 398 3490 peditum,
421 3407 568 3492 equitum
591 3415 732 3494 quatuor
753 3404 872 3484 millia,
896 3402 1089 3489 elephantos

108 3493 351 3640 ppiuquaginta
370 3513 437 3553 non
454 3493 596 3574 amplius
613 3513 710 3577 quarn
726 3491 762 3552 in
777 3489 904 3589 biennii
920 3511 1018 3590 usum
1035 3487 1089 3552 de-

130 3587 165 3640 rt
196 3577 249 3644 Ob
273 3577 355 3640 haec
375 3575 523 3662 Pyrrhus
546 3576 772 3640 Ptolemaeum
794 3575 901 3638 fillum
908 3623 918 3657 ,
940 3585 1089 3659 gemtum
1100 3579 1141 3636 24
