2666 4246
244 319 283 382 92
522 323 662 374 Jusrrru
679 321 927 373 ursroanaun

244 496 264 537 a
284 473 434 538 finitimis
457 473 716 551 contraxissent,
744 473 852 536 acrius
879 469 1010 534 bellum
1028 471 1222 555 repetivere.

215 557 296 622 aIbi
311 580 371 622 rex
379 559 478 644 juxta
492 557 608 622 urbem
623 557 822 621 Pandosiam
839 565 871 619 et
884 555 1008 620 flumen
1021 556 1224 638 Acheronta,

240 655 310 706 ‘non
326 642 541 726 priusfatalis
557 641 621 706 loci
632 642 764 726 cognito
776 642 919 720 nemine,
936 661 1035 725 quam
1048 639 1224 722 occideret,

244 727 452 809 interdicitur3
469 727 679 812 moriensque
695 748 762 788 non
777 727 812 787 in
828 726 935 810 patria
948 725 1051 788 fuisse
1063 723 1127 788 sibi
1139 727 1226 809 peri·

244 811 390 876 culosam
405 819 558 891 mortem,
579 819 826 897 propterquam
843 809 983 958 {aniam
1001 810 1149 892 fugerat,
1173 811 1225 872 in·

244 895 381 959 tellexit.
427 895 556 981 Corpus
580 896 650 980 ejus
667 895 784 958 Thurii
800 917 846 979 pu
871 895 934 958 lice
950 893 1158 980 redemptum
1175 917 1225 958 sc-

243 979 627 1065 pulturae'tradide'runt.

195 1070 235 1128 10
307 1064 487 1128 Dumhaec
496 1062 793 1149 agunturinltalia,
801 1063 970 1148 Zopyrion
979 1083 1122 1147 quoque,
1132 1085 1225 1148 prae-

243 1149 348 1214 fectus
370 1148 468 1214 Ponti
488 1149 530 1212 ab
547 1148 744 1213 Alexandro
762 1147 885 1232 Magno
907 1147 1058 1228 relictus,
1082 1148 1225 1210 otiosum

245 1255 279 1297 se
296 1243 403 1314 ratus,
432 1235 461 1295 si
481 1233 566 1297 nihil
588 1234 708 1316 etipse
755 1233 904 1312 essisset,
922 1231 1066 1296 adunato
1087 1233 1228 1316 triginta

244 1315 385 1380 millium
408 1319 569 1398 exercitu,
592 1317 724 1403 Scythis
770 1316 871 1380 ellum
890 1316 1018 1398 intulit3
1042 1337 1227 1400 caesusque

245 1423 320 1465 cum
337 1401 489 1466 omnibus
512 1401 615 1486 copiis
638 1423 763 1488 poenas
778 1410 903 1466 temere
923 1400 1009 1464 illati
1029 1400 1112 1465 belli
1134 1402 1227 1486 genti

243 1485 399 1550 innoxiae
414 1485 485 1553 luit.
738 1517 740 1524 ·

467 1591 469 1596 ·
521 1575 523 1580 '
660 1572 738 1624 caP.
756 1573 806 1626 111.
926 1599 930 1606 Δ

394 1653 566 1708 Alexander
583 1653 623 1707 ll.
641 1643 805 1710 Persarum
823 1667 922 1710 mores
939 1653 1075 1710 assumt.

195 1749 232 1804 11
309 1737 403 1802 Haec
419 1761 522 1824 quum
532 1736 724 1802 Alexandro
740 1739 773 1800 in
786 1737 916 1802 Parthis
932 1740 1090 1802 nunciata
1105 1747 1225 1820 essent,

246 1823 398 1887 simulato
431 1844 578 1887 maerore
607 1831 741 1909 propter
768 1822 954 1886 Alexandri
983 1824 1228 1908 cognationem,

196 1959 205 1974 .
245 1908 404 1972 exercitui
442 1930 500 1972 suo
537 1907 684 1971 triduum
720 1907 846 1970 luctum
877 1907 1007 1971 indixit.
1059 1907 1229 1974 Omnibus

245 1992 365 2056 deinde
388 1993 479 2057 velut
499 2000 687 2093 perpetrato
701 1991 790 2056 bello
805 1993 948 2056 reditum
962 1993 998 2056 in
1013 1994 1155 2078 patriam
1172 2015 1229 2056 ex-

222 2076 468 2162 spectantibus
495 2098 717 2163 conjugesque
739 2098 778 2140 ac
798 2076 920 2141 liberos
940 2099 1016 2141 suos
1032 2078 1142 2141 animo
1153 2079 1227 2164 jam

246 2160 487 2248 quodammodo
510 2160 820 2247 complectentibus,
836 2162 881 2225 ad
893 2163 1083 2226 concionem
1101 2164 1230 2226 exerci-

245 2255 314 2309 tum
348 2254 460 2328 vocat,
487 2243 534 2308 ibi
561 2253 642 2311 nilzil
670 2260 770 2310 actum
793 2259 838 2310 tot
859 2255 996 2328 carectis
1012 2255 1148 2327 proeliis
1170 2249 1227 2328 ait,

244 2338 274 2394 si
303 2338 466 2394 incolumis
496 2339 659 2395 orientalis
688 2338 842 2395 barbaria
870 2339 1082 2410 relinquorum
1110 2355 1170 2396 nec
1191 2355 1229 2396 se

248 2435 380 2494 corpus,
410 2421 469 2480 sed
496 2419 625 2495 rebeum
646 2421 741 2480 Baris*
762 2419 883 2494 petisse
889 2441 902 2491 ,·
924 2423 1229 2495 persequendosque

197 2509 317 2586 12esse
340 2522 404 2580 eos,
429 2507 483 2580 qai
505 2523 525 2563 a
547 2505 646 2580 reone
670 2507 850 2578 defecerint.
881 2499 954 2564 Hac
970 2501 1117 2564 oratione
1132 2501 1229 2566 velut

247 2607 289 2649 ex
308 2585 436 2670 integro
452 2586 595 2649 incitatis
610 2585 752 2648 militum
768 2585 903 2665 animis,
919 2586 1124 2670 Hyrcaniam
1139 2586 1228 2649 Mar-

246 2671 373 2755 dosque
396 2670 536 2755 subegit.
573 2669 626 2734 Ibi
641 2671 672 2734 ei
687 2671 830 2734 occurrit
844 2669 1025 2735 Thalestris
1042 2671 1112 2733 sive
1127 2671 1227 2734 Mini-

246 2753 342 2840 tbya,
364 2757 570 2818 Amazonum
590 2756 720 2840 regina,
744 2777 819 2818 cum
841 2755 994 2818 trecentis
1016 2754 1226 2835 mulieribus,

268 2861 386 2902 uarum
402 2848 596 2926 conspectus
612 2839 838 2940 adventusque
850 2839 1058 2903 admirationi
1071 2839 1226 2904 om'nibus

245 2861 309 2988 ibit
327 2933 463 3024 propter
483 2924 652 2988 insolitum
674 2927 805 2989 feminrs
825 2924 985 2988 habitum.
1015 2924 1148 2988 Deinde
1163 2934 1225 2988 tre-

247 3009 355 3074 decim
372 3009 488 3074 d1eb'us
505 3009 666 3074 exercitui
679 3033 698 3074 a
712 3031 789 3094 rege
807 3010 871 3073 otio
887 3009 983 3090 datis,
999 3009 1159 3072 discessit.

196 3104 234 3162 13
309 3095 388 3160 Post
417 3094 499 3160 haec
521 3094 712 3160 Alexander
739 3094 888 3158 habitum
909 3116 1025 3178 regum
1047 3094 1225 3158 Persarum

246 3190 278 3246 et
308 3180 478 3261 diadema,
508 3181 678 3244 insolitum
709 3189 806 3242 antea
835 3178 968 3264 regibus
986 3178 1224 3260 Macedonicis,

245 3266 364 3350 selutsi
378 3267 413 3328 in
429 3266 519 3349 leges
533 3287 658 3344 eorum,
675 3287 756 3350 quos
772 3264 906 3344 vicerat,
921 3265 1083 3344 transiret,
1099 3285 1225 3326 assum·

245 3352 318 3436 psit.
357 3350 450 3430 Quae
470 3353 513 3414 ne'
531 3350 728 3414 invidiosius
749 3349 784 3412 in
805 3371 840 3412 se
861 3369 928 3412 uno
944 3349 1224 3434 conspicerentur,

246 3437 368 3500 amicos
392 3457 523 3522 quoque
549 3457 626 3499 suos
647 3435 781 3516 longam
796 3442 919 3498 vestem
936 3444 1083 3496 auratam
1098 3454 1224 3518 purpu-

196 3529 235 3586 14
245 3542 401 3605 reamque
416 3543 545 3585 sumere
554 3520 661 3608 jubet.
690 3519 752 3583 His
769 3517 867 3582 rebus
882 3519 1040 3604 ingentes.
1049 3517 1223 3604 epularum
