2678 4246
492 355 601 410 LIBER
617 355 728 410 xxvn.
1065 349 1104 416 33

518 589 519 593 ’
550 577 626 630 ΟΔΡ.
644 577 680 628 Π.
784 599 786 604 v

144 677 327 734 Ptolomaei
345 678 377 732 in
395 687 529 734 sororem
548 647 909 733 mensurationem
926 675 1064 734 consilia.

181 797 317 862 Interea
344 797 443 861 inter,
459 819 554 884 reges
583 791 708 860 bellum
735 794 863 880 finitur,
893 817 971 860 nam
997 795 1105 860 Ptole·
1136 803 1155 864 5

99 904 245 964 maeus,
267 883 364 970 pulso
386 883 564 968 Antigono,
589 903 691 968 quum
711 902 852 967 regnum
874 880 974 945 totius
996 879 1104 945 Mace-

100 968 241 1034 doniae
257 973 459 1053 occupasset,
482 989 598 1052 pacem
615 989 690 1032 oum
705 965 872 1032 Antiocho
887 965 974 1047 facit,
999 965 1104 1030 affini·

100 1061 289 1140 tatemque
313 1075 387 1117 oum
403 1053 542 1140 Pyrrho,
567 1051 644 1116 data
666 1053 696 1116 ei
716 1053 751 1118 in
772 1053 1019 1117 matrimonium
1035 1050 1105 1116 filia

103 1161 192 1220 sua,
210 1139 334 1225 jungit.
378 1138 511 1203 Exinde
527 1146 661 1202 externo
677 1145 767 1202 metu
783 1136 942 1224 deposito,
964 1138 1104 1223 impium
1136 1145 1155 1204 6

105 1233 148 1289 et
174 1221 398 1288 facinorosum
415 1224 562 1288 animum
578 1222 621 1287 ad
636 1222 815 1288 domestica
830 1223 954 1287 scelera
970 1243 1104 1287 conver-

105 1309 156 1376 tit
180 1308 388 1396 insidiasque
403 1307 565 1373 Arsinoae
588 1309 693 1372 sorori
713 1329 793 1373 suae
815 1309 959 1390 instruit,
983 1306 1105 1394 quibus

107 1403 151 1460 et
172 1393 261 1458 filios
277 1394 348 1480 ejus
364 1393 442 1476 vita,
463 1403 495 1458 et
509 1395 615 1480 ipsam
631 1391 856 1482 Cassandreae
871 1391 963 1458 urbis
967 1413 1105 1504 1posses·

108 1480 216 1544 sione
229 1479 385 1565 privaret,
419 1477 550 1543 Primus
567 1479 597 1542 ei
613 1478 708 1544 dolus
724 1477 795 1561 fui,
812 1479 966 1544 simulato
983 1499 1104 1558 amore,
1137 1485 1156 1544 7

109 1564 243 1629 sororis
268 1565 512 1628 matrimonium
534 1573 662 1651 petere3
689 1564 785 1628 aliter
806 1565 895 1630 enim
918 1562 961 1628 ad
984 1564 1104 1628 sororis

111 1649 221 1731 filios,
237 1671 377 1736 quorum
392 1671 532 1734 regnum
549 1659 777 1736 occupaverat,
793 1671 892 1735 quam
908 1647 1105 1713 concordiae

113 1733 249 1813 fraude,
270 1737 443 1882 nervenire
464 1755 531 1798 non
553 1743 690 1821 poterat.
734 1733 801 1800 Sed
825 1733 984 1800 scelerata
998 1733 1105 1798 Ptole·
1136 1740 1156 1799 8

115 1819 211 1884 maei
230 1841 273 1883 vo
289 1830 384 1884 untas
406 1820 510 1892 sorori
524 1829 604 1884 nota
619 1827 697 1883 erat.
741 1817 857 1908 Itaque
873 1841 940 1884 non
956 1818 1105 1884 credenti

117 1902 270 1985 mandat,
293 1903 368 1970 uelle
387 1928 421 1970 se
443 1927 511 1970 cum
527 1913 606 1983 filiis
626 1911 803 1990 ejusmoni
822 1913 1011 1970 consortium
1024 1911 1104 1984 J'un-

117 2011 207 2072 nere.
254 1995 289 2054 ln
304 1997 365 2055 noc
380 1998 511 2056 mitteret
525 1997 676 2056 arbitrum
684 1995 910 2070 Jurr'sjurnndi,
935 2010 995 2070 quo
1005 2011 1104 2069 prue-

118 2089 211 2141 sente
235 2083 320 2155 apud
342 2083 418 2142 deos
431 2083 571 2156 patrios,
596 2082 707 2156 quibus
723 2083 794 2155 ipso
809 2081 897 2142 uellet
912 2082 1104 2141 obsecratio-

122 2167 228 2240 nibus,
244 2184 279 2226 se
295 2168 457 2242 obtineret.
489 2161 620 2226 Incerta
634 2159 865 2242 eratArsinott,
881 2159 962 2248 quid
978 2168 1105 2246 ageret:
1137 2165 1157 2226 9

122 2247 154 2310 si
167 2247 322 2327 mitteret,
339 2245 447 2333 decipi
462 2247 623 2334 perjuri03
638 2247 746 2311 sinon
758 2247 910 2327 mitteret,
926 2257 1107 2332 provocare
1227 2283 1231 2289 -

122 2331 252 2396 rabiem
278 2329 442 2396 fraternae
469 2331 673 2398 crudelitatis
699 2331 845 2396 timebat
889 2332 1006 2418 Itaque
1030 2330 1106 2419 plus

124 2416 250 2496 liberis,
275 2437 374 2503 quam
395 2415 460 2482 sibi
479 2417 609 2499 timens,
630 2439 713 2504 quos
732 2418 941 2481 matrimonio
957 2437 1016 2480 suo
1056 2437 1106 2480 το·

123 2511 286 2567 tecturam
308 2523 343 2566 se
364 2501 595 2584 arbitrabatur,
616 2503 781 2568 mittitex
799 2503 913 2567 amicis
937 2503 1006 2566 suis
1051 2499 1107 2564 ho-

124 2587 274 2670 dionem,
327 2607 371 2651 uo
396 2587 555 2673 perducto
581 2589 617 2650 in
643 2587 886 2652 sanctissimum
907 2585 1003 2652 Jovis
1027 2595 1107 2651 tem-

123 2671 230 2759 plum,
252 2609 469 2754 Ptdlemaeus,
491 2673 632 2760 sumptis
652 2672 688 2736 in
703 2693 821 2737 manus
836 2669 1006 2754 altaribus,
1032 2693 1107 2737 con·

122 2759 258 2860 tingens
269 2759 344 2844 ipsa
356 2756 574 2824 simulacraet
584 2756 774 2846 pulvinaria
786 2756 931 2840 deorum,
947 2754 1106 2822 inauditis

124 2843 318 2930 ultimisque
349 2843 630 2908 exsecrationibus
661 2841 807 2932 adjurat,
839 2865 875 2908 se
896 2852 1023 2909 sincera
1042 2849 1108 2920 fide

123 2935 352 2996 matrimonium
374 2937 497 3009 suroris
504 2939 633 3008 petora·
655 2941 904 3010 nuncupatorum
918 2951 953 2993 se
969 2951 1039 3000 eum
1053 2951 1106 2993 re-

123 3021 242 3096 atuum,
258 3035 358 3094 neque
372 3037 407 3080 se
422 3021 518 3079 uliam
533 3035 661 3079 uxorem
677 3021 804 3093 aliosve,
821 3035 913 3096 quum
925 3021 1011 3090 filios
1028 3020 1105 3093 ejus,

124 3105 242 3165 liberos
263 3105 449 3164 habiturum.
494 3097 636 3163 Arsinoe
667 3095 835 3186 'ostquam
849 3106 882 3163 et
897 3117 955 3183 spe
970 3096 1107 3184 impleta
1118 3104 1159 3162 10

125 3193 176 3250 est
190 3193 223 3249 et
237 3193 326 3248 metu
342 3183 458 3265 soluta,
479 3185 553 3268 ipsa
568 3205 644 3248 cum
658 3121 758 3248 iratre
773 3182 988 3270 colloquitur,
1013 3182 1107 3270 cujus

124 3269 238 3334 vultus
254 3278 287 3334 et
299 3268 507 3334 blandientes
524 3269 729 3370 oculiquum
744 3268 844 3333 fidem
856 3290 923 3333 non
934 3268 1107 3347 minorem,

125 3376 226 3442 quam
251 3354 505 3442 jusjurandum,
534 3363 780 3442 promitterent,
808 3353 1009 3420 reclamante
1038 3351 1106 3418 filio

123 3447 271 3520 frondem
285 3447 424 3522 subesse,
439 3441 475 3506 in
490 3442 737 3507 matrimonium
752 3439 861 3506 fratris
876 3437 1036 3504 concedit.

934 3557 952 3614 3
