2666 4246
249 331 268 392 2
534 335 674 388 JUSTINI
691 333 938 390 fflsronlaauu

220 485 309 550 ared
323 487 398 572 piae
414 484 657 550 misericordiae
673 485 876 549 humanitate
891 485 1078 571 respiceret.
1110 487 1233 574 Itaque

250 593 353 658 quum
368 571 461 636 velut
475 571 599 635 occisos
615 569 802 650 alienasset,
823 573 993 657 servisque
1009 572 1049 638 de
1065 579 1153 636 statu
1168 575 1233 636 rei-

249 655 403 742 publicae
419 654 884 741 deliberantibusplacuisset,
899 677 1012 742 regem
1028 679 1071 722 ex
1085 680 1144 722 auo
1161 680 1234 722 eor-

250 763 329 827 pore
344 743 449 806 creari
464 762 550 821 eum,
568 740 664 826 quasi
679 740 944 826 acceptissimum
960 740 1035 822 diis,
1051 743 1109 829 qui
1124 742 1233 809 solem

250 828 409 892 orientem
435 827 560 911 primus
586 825 738 890 vidisset:
773 846 841 889 rem
868 825 909 889 ad
937 825 1122 893 Stratonem
1150 827 1234 915 (hoo

250 913 338 976 enim
363 912 394 975 ei
416 931 536 974 nomen
560 911 643 994 erat)
665 909 837 974 dominum
860 911 987 975 occulte
1003 911 1159 978 latentem
1177 913 1235 978 de-

221 997 333 1061 5tulit.
378 995 431 1060 Ab
459 1018 497 1061 eo
522 994 698 1075 formatus,
728 1017 830 1096 quum
857 995 967 1060 media
992 1007 1088 1062 noete
1114 1020 1233 1063 omnes

248 1083 282 1146 in
305 1103 408 1144 unum
429 1102 583 1166 campum
604 1090 855 1165 prooessrssent,
878 1082 996 1146 ceteris
1014 1084 1050 1146 in
1065 1085 1231 1150 orientem

248 1191 263 1232 s
289 1166 488 1248 eotantibus,
515 1165 604 1231 solus
626 1165 806 1235 occidentis
831 1166 1001 1250 regionem
1025 1167 1230 1233 intuebatur.

248 1191 288 1317 ll
310 1254 453 1336 primum
475 1251 548 1316 aliis
569 1250 745 1316 videbatur
766 1252 873 1331 furor,
896 1253 932 1316 in
953 1251 1124 1318 occidente
1146 1254 1230 1319 solis

248 1346 355 1422 ortum
372 1359 539 1422 quaerere.
579 1336 646 1401 Ubi
662 1358 739 1401 vero
756 1335 826 1401 dies
842 1335 1021 1402 adventare
1036 1340 1143 1423 coepit
1159 1339 1228 1402 edi-

246 1422 447 1507 tissimisque
459 1421 661 1486 culminibus
679 1421 770 1486 urbis
784 1422 893 1486 oriens
910 1421 1094 1507 splendere,
1110 1445 1228 1510 exspe-

248 1506 412 1571 ctantibus
425 1506 508 1589 aliis,
520 1517 557 1571 ut
567 1509 677 1591 ipsum
689 1505 792 1571 solem
804 1505 1022 1591 adspicerent,
1035 1508 1088 1571 hic
1099 1510 1230 1609 primus

248 1593 402 1656 omnibus
423 1592 588 1677 fulgorem
614 1593 692 1656 solis
719 1594 754 1656 in
776 1615 904 1656 summo
929 1591 1061 1678 fastigio
1083 1594 1228 1658 civitatis

221 1677 398 1743 dostendit.
444 1678 519 1742 Non
541 1678 671 1742 servilis
692 1679 820 1762 ingenii
838 1680 921 1744 ratio
944 1678 1032 1762 visa,
1060 1679 1231 1765 requiren-

248 1763 403 1849 tibusque
424 1771 608 1844 auctorem,
631 1763 673 1827 de
693 1762 826 1828 domino
848 1763 1032 1827 confitetur.
1063 1763 1159 1828 Tune
1181 1766 1230 1830 in-

247 1849 417 1914 tellectum
442 1856 506 1928 est,
534 1857 694 1933 quantum
719 1849 867 1933 ingenua
891 1848 1066 1914 servilibus
1092 1849 1230 1934 ingenia

272 1943 463 2014 raestarent,
478 1933 604 1996 malitia
629 1952 670 1996 ue
685 1955 808 2014 servos,
823 1955 891 1998 non
907 1935 1069 2018 sapientia
1082 1935 1229 1998 vincere.
1327 1977 1328 2016 3

249 1956 357 2082 lenia
376 2019 479 2102 igitur
499 2020 571 2082 seni
593 1955 729 2104 filioque
750 2017 826 2082 data
849 2027 914 2101 est,
938 2028 971 2083 et
984 2019 1077 2084 velut
1090 2021 1230 2084 numine
1327 2029 1328 2034 ’

249 2103 393 2189 quodam
403 2112 586 2168 reservatos
598 2102 804 2183 arbitrantes,
821 2124 933 2189 regem
941 2103 1128 2169 Stratonem
1140 2125 1230 2170 crea-

248 2196 377 2252 verunt.
396 2188 498 2274 Cujus
509 2199 583 2273 post
594 2198 732 2253 mortem
743 2189 1049 2273 regnumadfilinm
1060 2189 1230 2254 acdeinde

221 2273 293 2337 ’lad
315 2283 452 2357 nepotes
475 2275 614 2338 transiit.
659 2273 799 2338 Celebre
821 2273 884 2338 hoe
907 2295 1076 2339 servorum
1098 2275 1229 2339 facinus

250 2357 529 2445 metuendumque
556 2360 745 2444 exemplum
771 2367 839 2423 toto
865 2358 944 2424 orbe
969 2369 1130 2424 terrarum
1156 2359 1229 2425 fuit.
1326 2361 1327 2372 ’

250 2445 366 2596 ltague
380 2444 573 2510 Alexander
585 2443 742 2530 Magnus,
766 2466 869 2530 quum
888 2431 1059 2532 interjecto
1080 2454 1230 2532 tempore

248 2533 284 2595 in
331 2532 436 2596 riente
450 2529 575 2594 bellum
596 2537 738 2614 gereret,
759 2528 852 2593 velut
866 2529 954 2595 ultor
966 2529 1121 2617 publicae
1137 2553 1230 2596 secu

249 2617 370 2696 nitatis,
397 2624 589 2702 expugnata
610 2637 724 2679 eorum
748 2613 846 2695 urbe,
873 2635 1004 2697 omnes,
1028 2617 1086 2703 qui
1099 2617 1229 2703 proelio

250 2723 289 2765 su
314 2701 495 2781 erfuerant,
522 2700 564 2764 ob
586 2701 778 2765 memoriam
798 2701 918 2765 veteris
940 2699 1050 2766 caedis
1068 2701 1230 2766 crucibus
1325 2691 1326 2730 ³

250 2809 270 2850 a
306 2787 370 2866 xit;
397 2804 503 2870 genus
524 2794 652 2850 tantum
674 2785 836 2850 Stratonis
861 2785 1057 2850 inviolatum
1083 2789 1231 2851 servavit

249 2891 457 2956 regnumque
476 2871 571 2956 stirpi
592 2873 663 2972 ejus
683 2871 839 2952 restituit,
860 2871 1015 2972 ingenuis
1030 2881 1064 2936 et
1081 2873 1230 2938 innoxiis

249 2955 366 3020 ineolis
388 2954 517 3020 insulae
538 2956 702 3020 attributis
708 3004 718 3037 ,
740 2966 795 3037 ut,
821 2964 1001 3041 exstirpato
1021 2957 1134 3022 servili
1158 2979 1228 3043 ger·

249 3043 348 3122 mine,
364 3061 469 3126 genus
484 3040 576 3106 urbis
592 3065 634 3106 ex
648 3043 777 3126 integro
793 3041 1000 3108 conderetur.

672 3196 749 3248 csP.
767 3197 803 3248 11.

586 3277 753 3334 Elissae
783 3278 890 3346 tuga.

219 3389 256 3447 A·
313 3381 386 3446 Hoc
401 3344 504 3482 igitur
514 3381 616 3482 modo
629 3380 724 3481 'lJyrii
735 3379 921 3445 Alexandri
936 3381 1091 3468 auspiciis
1103 3381 1230 3445 conditi
1323 3429 1324 3438 ,

273 3467 451 3532 arsimonra
466 3475 499 3532 et
512 3466 676 3532 mdustrra
686 3467 751 3530 cito
763 3465 971 3532 convaluere.
1000 3468 1087 3530 Ante
1098 3465 1229 3533 cladem
1323 3468 1324 3491 ¹

249 3487 458 3616 dominorum
481 3573 584 3638 quum
605 3560 638 3616 et
656 3550 776 3636 opibus
798 3560 832 3616 et
853 3549 1066 3617 multitudine
1081 3551 1231 3616 abunda
