2678 4246
245 348 304 409 110
532 345 673 402 suetum
688 345 936 400 fflswmsrtust

193 502 383 570 amictoria
405 518 508 586 pente
522 497 661 566 Parthos
681 497 755 564 fuit
797 497 861 564 His
879 497 1009 564 uiribus
1029 506 1146 564 auctus
1160 497 1225 564 hli-
1335 561 1336 570 ,

243 585 403 676 thridates
426 585 556 652 Mediae
577 584 720 660 Barasin
740 584 930 672 praeponit;
951 585 1023 735 ique
1044 587 1080 650 in
1095 584 1225 672 Hyrca·
1335 575 1336 588 ¹

243 673 342 738 niam
354 671 583 758 proficiscitur.
626 669 726 736 Unde
744 692 897 736 reversus
910 668 965 735 bel
979 692 1036 736 um
1051 689 1130 736 cum
1142 669 1224 757 Ety-

243 779 413 824 maeorum
429 779 507 843 rege
522 757 623 843 gessit
630 765 642 840 ς’
655 775 721 842 quo
732 757 832 836 victo,
846 755 932 820 hanc
944 778 1075 843 qnoque
1087 765 1223 842 gentem

243 864 347 930 regno
363 843 492 930 adjecit,
507 843 749 929 imperiumque
764 841 960 907 Parthorum
976 864 997 906 a
1010 852 1122 907 monte
1135 841 1224 906 Cau·

244 950 330 1006 caso,
352 928 465 994 multis
489 927 619 1016 populis
636 927 675 990 in
699 917 862 992 dicionem
877 927 1033 1006 redactis,
1056 949 1163 1016 usque
1178 928 1223 992 ad

113 1082 116 1092 ,
193 1013 366 1083 atflumen
381 1011 587 1100 Euphratem
603 1011 750 1098 protulit
784 1019 895 1100 Atque
908 1014 964 1092 ita,
979 1011 1119 1079 adversa
1133 1011 1223 1077 vala-

242 1099 358 1166 tudine
374 1109 555 1186 correptns,
578 1119 647 1163 non
660 1099 769 1162 minor
781 1101 906 1165 Arsace
920 1119 1055 1186 proavo,
1077 1097 1226 1184 gloriosa

243 1194 411 1252 senectute
426 1184 564 1250 decedit
640 1230 643 1238 -

651 1306 727 1392 oss.
747 1337 806 1392 vra
834 1315 837 1320 ’

292 1437 479 1529 Phradates,
495 1437 897 1564 mstnqmmthqtrtqrqqstes
913 1437 1055 1510 lmus,
1078 1451 1169 1506 raras

191 1621 231 1680 33
292 1611 372 1676 Post
380 1601 1222 1697 necemMithridatie,Parth0rumregis,Phrahates,

240 1695 329 1762 filius
346 1697 432 1784 ejus,
452 1719 513 1761 rex
527 1698 751 1780 constituitur,
771 1698 826 1784 qui
844 1717 947 1784 quum
961 1697 1077 1783 Syriae
1091 1692 1231 1762 bellum·

239 1782 361 1848 inferre
376 1783 543 1848 statuisset
556 1783 591 1846 in
607 1782 768 1847 ultionem
782 1783 897 1849 tentati
913 1780 954 1848 ab
965 1781 1130 1848 Antiocho
1142 1782 1220 1848 Par·

239 1868 321 1936 thici
341 1869 436 1954 regni
447 1916 457 1950 ‚
479 1867 676 1954 Scytharum
700 1867 843 1933 motibus
865 1867 909 1932 ad
929 1889 991 1945 sua
1012 1867 1220 1934 defendenda

190 1963 420 2022 esrevocatur.
459 1951 612 2041 Namque
626 1952 779 2039 Scythae,
795 1975 897 2042 quum
913 1954 948 2017 in
964 1953 1125 2018 auxilium
1141 1953 1219 2019 Par·

239 2041 372 2105 thorum
387 2036 546 2104 adversus
560 2037 778 2119 Antiochum,
793 2039 910 2126 Syriae
924 2061 1051 2126 regem,
1065 2039 1219 2104 mercede

239 2123 414 2204 sollicitati,
426 2125 574 2190 confecto
580 2125 651 2214 jam
663 2124 751 2190 hello
759 2125 1039 2210 supervenissent,
1051 2125 1220 2190 calumnia

239 2209 367 2276 tardius
382 2209 439 2274 lati
455 2209 571 2275 auxilii
589 2209 740 2275 mercede
752 2211 896 2276 mandati
909 2221 998 2277 aunt.
1030 2211 1148 2298 Itaque
1162 2209 1218 2276 do·

239 2295 345 2361 lentes
356 2345 366 2379 ‚
393 2296 482 2383 quod
503 2303 631 2360 tanturn
656 2296 785 2362 itineris
807 2296 933 2362 frustra*
949 2298 1074 2362 emensi
1097 2305 1215 2377 essent,

239 2389 288 2448 vel
310 2389 496 2462 stipendium
518 2404 578 2462 pro
604 2391 785 2460 secutione,
812 2391 861 2448 vet
880 2391 974 2448 otium
999 2390 1115 2448 hostem
1140 2390 1216 2447 aare

238 2474 302 2534 sibi
346 2464 511 2533 oscebant.
548 2464 615 2532 Sed
637 2465 780 2554 superbo
802 2487 959 2555 responso
980 2467 1110 2548 offensi,
1130 2465 1215 2532 fines

189 2553 265 2620 aoP
341 2573 433 2618 orum
446 2563 575 2639 vastare
586 2565 774 2641 coeperunt.
797 2553 978 2618 Phrahates
988 2554 1100 2639 igitur,
1135 2574 1216 2618 uum

239 2639 465 2704 adversuscos
480 2637 752 2724 proficisceretur,
768 2637 810 2703 ad
822 2639 959 2703 tutelam
974 2640 1068 2723 regni
1083 2575 1218 2726 reliquit

238 2723 420 2788 Himeram¹
435 2725 601 2810 quendam
623 2725 783 2802 amicum,
805 2725 863 2874 qui
881 2726 1057 2811 tyrannica
1077 2725 1216 2789 crudeli·

238 2818 314 2891 tate,
330 2808 451 2874 oblitus
462 2809 578 2874 vicarii
593 2810 703 2891 oflicii,
716 2809 808 2895 Baby
824 2810 919 2874 onios
932 2811 1053 2874 multas
1077 2831 1120 2874 ue
1136 2810 1216 2874 alias

188 2896 388 2962 eeciviutes
411 2898 453 2959 im
481 2905 599 2959 ortune
621 2896 764 2960 vexavit.
809 2898 885 2980 lpse
905 2907 1012 2960 autern
1033 2832 1215 2962 Phrahates

238 2982 419 3045 exercitum
440 2917 660 3062 Gpraecorum,
684 3003 780 3068 quem
803 2979 892 3046 bello
906 2980 1215 3068 Antiochicaptum

237 3065 379 3151 superbe
400 3065 643 3154 crudeliterque
665 3067 877 3145 tractaverat,
900 3068 934 3130 in
958 3066 1081 3131 bellum
1103 3088 1215 3131 secum

238 3150 346 3234 ducit,
371 3152 544 3217 immemor
564 3173 716 3242 prorsus,
742 3152 832 3240 quod
854 3151 989 3217 hostiles
1011 3173 1123 3216 eorum
1147 3153 1215 3216 ani·
1335 3197 1336 3204 κ

236 3258 308 3302 moe
329 3259 391 3302 nec
418 3239 592 3325 captivitas
617 3238 782 3302 minuerat
803 3249 835 3303 et
858 3240 995 3324 insuper
1018 3238 1214 3324 injuriarum

183 3322 307 3388 atindi
332 3324 419 3387 nitas
445 3322 707 3390 exacerbaverat
753 3325 868 3410 ltaque
894 3317 996 3410 quur'n
1021 3324 1213 3387 inclinatam
1335 3395 1336 3398 Ἴ

234 3346 432 3474 'Parthorum
459 3410 561 3474 eciem
576 3408 765 3488 ¹uidissent,
792 3431 884 3474 orme
908 3410 958 3474 ad
975 3409 1087 3480 hostes
1113 3423 1213 3472 trans·

237 3493 359 3577 tulere3
382 3505 415 3559 et
429 3493 494 3559 diu
515 3495 877 3581 cupitumceptivitatis
896 3495 1055 3560 ultionem
1077 3503 1215 3568 ¹emente

239 3577 340 3644 caede
369 3580 533 3672 exercitus
557 3579 705 3645 Parthici
731 3592 764 3645 et
791 3583 895 3668 ipsius
923 3579 1098 3646 Phrahntis
1126 3579 1214 3665 regis
