2666 4246
19 2803 21 2856 l
107 2821 174 2864 non
190 2800 303 2864 minus
318 2801 476 2866 animosis

392 347 395 350 ’
496 363 606 414 ursan
623 361 694 414 mv,
1047 363 1085 426 85

109 515 370 600 contemplatus,
395 515 611 579 admiratione
634 521 799 576 tantarum
822 537 931 577 rerum
948 517 1086 601 capitur.

109 599 205 663 Tunc
225 600 370 684 primum
393 599 564 663 luxuriosa
586 599 740 662 convivia
762 606 794 662 et
808 599 1086 683 magnificentiam

109 683 282 772 epularum
298 685 416 748 sectari
432 685 549 770 coepit.
585 682 747 746 Barsinen
768 684 931 768 captivam
954 691 1088 770 propter

108 768 234 832 formae
261 768 542 853 pulchritudinem
567 767 602 830 in
629 768 874 832 matrimonium
902 768 1014 850 duxit,
1045 791 1088 834 ex

131 875 176 916 ua
207 863 322 937 postea
350 862 540 940 susceptum
568 873 708 938 puerum
737 852 916 918 Herculem
945 854 1086 919 vocavit.

107 876 237 1001 llemor
258 946 367 1002 tamen
391 938 500 1002 adhuc
518 935 659 1016 Darium
680 937 808 1020 vivere,
834 938 1087 1005 Parmenionem
1097 945 1137 1005 26

108 1022 151 1085 ad
167 1023 393 1106 occupandam
404 1023 572 1086 Persicam
588 1021 726 1086 classem
742 1023 891 1108 aliosque
906 1024 1029 1088 amicos
1044 1022 1088 1088 ad

108 1107 315 1192 recipiendas
336 1108 436 1172 Asiae
457 1108 604 1170 civitates
624 1107 728 1188 misit,
750 1128 834 1194 quae
849 1109 960 1172 statim
975 1107 1088 1172 audita

107 1191 197 1256 fama
212 1192 379 1273 victoriae,
391 1193 406 1262 ¹i
431 1191 476 1254 sis
488 1190 584 1270 Darii
598 1189 771 1276 praefectis
787 1214 862 1256 cum
877 1194 951 1256 auri
967 1213 1087 1276 magno

106 1276 256 1362 pondere
271 1215 477 1340 tradentibus
493 1298 538 1357 se,
553 1276 589 1338 in
604 1284 797 1359 potestatem
813 1278 975 1358 victorum
990 1299 1087 1340 vene-

107 1369 197 1424 runt.
235 1361 330 1424 Tunc
352 1363 389 1425 in
410 1359 540 1444 Syriam
557 1360 791 1446 proficiscitur,
807 1359 866 1426 ubi
881 1361 995 1426 obvios
1012 1384 1087 1426 cum

107 1445 226 1510 infulis
242 1445 363 1511 multos
381 1445 527 1510 Orientis
542 1467 636 1530 reges
652 1445 777 1510 habuit.
800 1445 855 1510 Ex
876 1446 928 1510 his
947 1469 1008 1532 pro
1023 1468 1088 1510 me-
1126 1489 1129 1499 ι

109 1529 181 1593 ritis
207 1529 415 1614 singulorum
437 1529 518 1594 alios
541 1531 575 1593 in
592 1532 781 1594 societatem
796 1532 935 1615 recepit,
953 1531 1025 1594 aliis
1039 1552 1088 1596 re

107 1635 213 1698 gnum
236 1615 359 1692 ademit
363 1663 386 1696 ,‚
397 1615 541 1688 suffectis
562 1615 597 1677 in
613 1613 686 1679 loca
703 1637 816 1678 eorum
832 1617 927 1680 noris
942 1614 1087 1698 regibus.

106 1699 254 1783 Insignis
283 1708 414 1785 praeter
443 1707 567 1764 ceteros
593 1699 656 1764 fuit
679 1697 937 1778 Abdalonimus,
963 1721 1024 1762 rex
1045 1697 1086 1764 ab
1098 1707 1138 1778 27

106 1783 300 1858 Alexandro
330 1783 487 1848 Sidoniae
516 1785 728 1865 constitutus,
759 1806 857 1870 quem
885 1783 1087 1864 Alexander,

108 1891 214 1954 quum
237 1891 370 1953 operam
393 1868 544 1932 oblooare
566 1867 608 1934 ad
622 1877 739 1952 puteos
756 1867 999 1932 exhauriendos
1014 1868 1088 1932 hor-

107 1962 226 2038 tosque
242 1953 428 2040 irrigandos
444 1954 561 2018 solitus
577 1962 671 2034 esset,
683 1949 806 2016 misere
816 1953 918 2017 vitam
931 1952 1087 2016 exhiben-

106 2047 173 2104 tem
196 2059 308 2122 regem
330 2039 469 2119 fecerat,
493 2039 610 2123 spretis
630 2037 815 2118 nobilibus,
838 2061 880 2100 ne
896 2039 1026 2122 generis
1042 2039 1087 2120 id,

106 2144 174 2188 non
203 2122 313 2198 dantis
338 2123 536 2200 beneficium
562 2131 725 2210 putarent.
772 2123 948 2223 Tyriorum
971 2124 1087 2188 civitas
1097 2131 1138 2190 28

107 2229 211 2306 quum
228 2229 384 2271 coronam
400 2230 534 2272 auream
545 2207 829 2356 magnipondens
841 2230 901 2292 per
911 2208 1037 2292 legatos
1051 2209 1086 2271 in

106 2291 243 2356 trtulum
271 2292 500 2376 gratulationis
528 2292 658 2358 Alexan
684 2315 720 2356 ro
735 2293 895 2374 misisset,
911 2303 1003 2377 grate
1018 2315 1087 2356 mu-

107 2399 187 2440 nere
211 2387 356 2462 accept0,
381 2383 490 2458 Tyrum
511 2401 546 2442 sc
565 2386 613 2442 tre
635 2385 711 2442 velle
726 2385 770 2442 ad
783 2390 855 2442 oola
869 2385 999 2442 Herculi
1013 2385 1086 2442 red-

111 2468 227 2541 denda,
247 2461 341 2525 dixit.
378 2461 489 2542 Quum
503 2462 606 2546 legati
626 2471 744 2528 rectius
759 2465 873 2528 ideam
889 2471 921 2528 tn
940 2467 1019 2542 Tyro
1035 2485 1087 2526 oe-

110 2559 176 2610 tere
191 2559 222 2611 et
238 2549 413 2626 antiquiore
428 2555 536 2628 templo
555 2554 715 2626 sucturum
738 2547 899 2625 dicerent,
923 2547 959 2608 in
975 2545 1088 2632 depre·
1130 2562 1133 2572 ¹

109 2639 223 2696 cantes
250 2633 320 2717 ejus
343 2631 512 2700 introitum
535 2633 581 2694 ita
603 2633 743 2712 exarsit,
766 2639 802 2695 ut
824 2631 899 2695 urbi
920 2629 1087 2694 excidium

19 2779 21 2796 ‚
107 2717 311 2798 minaretur3
333 2716 502 2780 confestim
527 2738 570 2779 ue
591 2717 736 2780 exercitu
763 2715 891 2780 insulae
913 2715 1092 2802 applicato,

491 2739 603 2886 'llyriis
618 2800 1087 2886 fiduciaOarthaginiensium,

19 2901 21 2968 ρ
106 2884 194 2949 bello
212 2885 385 2972 excipitur.
410 2885 566 2970 Augebat
577 2886 666 2949 enim
678 2885 787 2972 Tyriis
803 2888 929 2950 animos
944 2886 1087 2950 Didonis
1097 2889 1137 2950 29

19 3021 21 3030 ,
108 2969 309 3058 exemplum,
326 2992 420 3056 quae,
437 2970 637 3055 Carthagine
653 2971 801 3052 condita,
817 2972 946 3036 tertiam
961 2980 1088 3054 partem

19 3117 20 3124 ,
107 3055 195 3120 orbis
212 3055 410 3140 quaesisset,
432 3065 528 3140 turpe
545 3057 717 3136 ducentes,
740 3057 769 3120 si
783 3057 913 3120 feminis
929 3057 997 3119 suis
1013 3053 1088 3138 plus

19 3151 21 3204 ζ
108 3141 210 3204 animi
226 3136 343 3204 firisset
357 3139 547 3225 inimperio
563 3141 770 3224 quaerendo,
793 3162 892 3224 quam
909 3139 974 3202 sibi
988 3140 1024 3202 in
1039 3147 1087 3201 tu-

108 3225 195 3289 enda
209 3223 372 3288 libertate.
401 3225 522 3290 Amota
536 3226 639 3310 igitur
654 3225 780 3289 imbelli
796 3232 901 3288 aetate
917 3223 1087 3308 Carthagi-

107 3332 181 3374 nem
189 3360 199 3395 ,
216 3318 250 3374 et
264 3310 428 3376 arcessitis
443 3332 522 3374 mox
536 3309 688 3392 auxiliis,
705 3332 771 3375 non
787 3331 907 3395 magno
923 3316 998 3402 post
1012 3317 1091 3372 tem-

107 3417 184 3480 pore
200 3417 264 3480 per
276 3393 496 3481 proditionem
513 3396 699 3480 capiuntur.
