2666 4246
512 362 620 412 LIBER
637 362 710 412 XIX.
1038 358 1095 419 121

116 511 233 576 hastae
250 512 386 600 cuspide
400 513 447 576 ita
461 513 496 576 in
512 511 617 576 fronte
632 511 829 592 vulneravit,
845 521 883 575 ut
893 514 1028 596 sanguis
1041 512 1098 576 ali·

115 608 168 662 ter
183 598 275 662 cludi
289 619 355 662 non
371 607 490 684 posset,
501 619 600 682 quam
616 597 769 661 diadema
780 596 845 661 sibi
857 597 1026 682 dempturn
1038 621 1098 662 rex

117 683 282 768 alligandi
304 683 452 750 vulneris
468 703 568 748 causa
583 683 683 767 capiti
699 684 769 769 ejus
784 682 977 767 imponeret.
999 683 1098 763 Quod

115 770 302 856 auspicium
318 771 461 856 primum
482 767 603 850 regalis
619 769 797 855 majestatis
811 767 1009 853 Lysimacho
1025 769 1095 834 fuit.

115 853 183 922 Sed
199 863 232 918 et
246 862 321 939 post
335 863 472 920 mortem
487 853 687 934 Alexandri,
710 876 812 940 quum
833 847 919 918 intdr
933 875 1097 918 successo·
1108 860 1148 916 14

115 961 169 1008 ros
186 941 256 1040 ey'us
277 940 469 1026 provinciae
485 937 725 1019 dividerentur,
745 939 967 1002 ferocissimae
983 947 1096 1024 gentes

116 1045 214 1110 qussi
230 1025 377 1090 omnium
392 1024 568 1088 fortissimo
584 1025 769 1108 assignatae
786 1032 877 1106 sunt3
899 1024 982 1087 adeo
998 1025 1097 1088 etiam

114 1130 281 1178 consensu
296 1111 526 1174 universorum
546 1108 691 1194 palmam
712 1109 842 1174 virtutis
864 1109 951 1174 inter
970 1117 1095 1173 ceteros

113 1194 201 1262 tulit.

248 1361 400 1426 Seleucus.
435 1279 672 1432 nngaggi?
672 1317 789 1432 proelio
808 1362 966 1418 occumbit.

179 1449 379 1536 Priusquam
408 1449 535 1514 bollum
561 1451 648 1514 inter
676 1449 901 1514 Ptolemaeum
924 1449 1146 1534 sociosque15

110 1555 185 1688 Qus
201 1535 360 1601 adversus
386 1535 593 1620 Antigonum
608 1535 879 1615 committeretur,
902 1545 1037 1618 repente
1054 1557 1096 1598 ex

162 1622 195 1682 ia
217 1621 341 1706 majore
364 1620 532 1704 digressus
552 1619 711 1684 Seleucus
733 1642 839 1684 novus
854 1620 1023 1702 Antigono
1039 1618 1095 1682 ho-

112 1706 173 1772 stis
188 1714 379 1772 accesserat.
415 1705 480 1768 Hic
495 1715 569 1792 post
584 1713 720 1768 mortem
735 1705 920 1770 Alexandri
935 1712 1094 1787 occupato
1106 1710 1144 1766 16

111 1805 218 1874 regno
235 1791 381 1856 Orientis
397 1790 512 1854 urbem
530 1789 686 1870 condidit,
702 1812 800 1875 quam
818 1812 861 1854 ex
871 1788 1028 1854 Antiochi
1039 1811 1094 1873 pa·

111 1877 172 1941 tria
193 1877 327 1939 nornine
348 1875 559 1940 Antiochiam
585 1875 726 1938 vocavit.
770 1874 878 1940 Multa
900 1875 935 1938 in
958 1873 1094 1938 Oriente

110 1969 186 2046 post
208 1960 406 2026 divisionem
428 1962 515 2024 inter
536 1961 641 2026 socios
663 1959 758 2043 regni
780 1959 986 2022 Macedonici
1004 1957 1094 2022 bella

111 2047 222 2130 gessit.
266 2046 435 2131 Principio
455 2045 676 2130 Babyloniam
700 2045 803 2131 cepit,
825 2043 903 2108 inde
926 2045 1030 2107 auctis
1051 2066 1093 2108 ex

110 2131 253 2194 victoria
274 2131 402 2196 viribus
424 2132 618 2194 Bactrianos
641 2130 855 2216 expugnavit.
901 2129 1091 2192 Transitum

112 2214 234 2280 deinde
249 2217 285 2280 in
301 2216 432 2280 Indiam
447 2216 525 2280 fecit
533 2263 541 2296 ,
566 2237 651 2302 quae
667 2225 741 2298 post
755 2224 893 2279 mortem
908 2213 1092 2280 Alexandri

110 2301 295 2384 praefectos
316 2303 386 2386 ejus
407 2301 581 2367 occiderat.
629 2300 754 2364 Auctor
776 2300 936 2364 libertatis
951 2299 1142 2364 Sandro-17

110 2394 217 2450 cottus
239 2387 360 2466 fuerat,
384 2385 443 2452 sed
458 2384 590 2450 titulum
606 2384 766 2449 libertatis
782 2395 856 2470 post
869 2386 1041 2450 victoriam
1056 2386 1091 2449 in

8 2531 10 2560 ‚
109 2473 303 2537 servitutem
319 2481 477 2554 verterat,
493 2470 656 2556 siquidem
673 2480 832 2555 occupato
848 2491 951 2554 regno
960 2517 969 2550 ,
989 2491 1091 2569 popu-

8 2615 10 2640 ,
109 2555 191 2636 lum,
208 2579 308 2642 quem
325 2557 366 2622 ab
383 2566 521 2622 externa
536 2555 759 2623 dominatione
771 2555 1009 2634 vindicaverat,
1020 2576 1091 2638 rpse

8 2667 10 2688 .
109 2642 244 2707 servitio
261 2641 440 2724 premebat.
473 2641 556 2706 Cum
574 2663 638 2726 quo
654 2642 741 2706 facta
756 2641 907 2724 pactione
922 2638 1090 2717 Seleucus,

109 2727 368 2813 compositisque
387 2727 422 2790 in
442 2726 579 2791 Oriente
601 2725 715 2805 rebus,
739 2727 774 2790 in
790 2725 915 2790 bellum
931 2725 1091 2810 Antigoni

109 2811 292 2880 descendit.
328 2813 492 2876 Adunatis
512 2813 614 2896 igitur
635 2812 781 2877 omnium
806 2812 970 2876 sociorum
986 2832 1024 2874 co
1049 2811 1140 2874 iis18
1155 2814 1228 2875 300.

107 2896 272 2982 proelium
290 2899 517 2979 committitur3
533 2899 567 2960 in
584 2918 622 2960 eo
638 2897 826 2982 Antigonus
843 2896 1013 2976 occiditur,
1060 2917 1090 2960 e·

108 2983 246 3046 metrius
262 2981 351 3045 filius
368 2984 438 3070 ejus
453 2985 488 3046 in
503 2983 616 3066 sugam
633 2984 781 3045 vertitur.
825 2981 892 3046 Scd
907 2982 1001 3061 socii,
1018 2987 1139 3064 pro-19

8 3061 9 3084 ³
109 3066 224 3151 fligato
246 3066 357 3131 hostili
372 3067 470 3147 bello,
488 3067 596 3130 denuo
613 3069 648 3130 in
665 3076 768 3135 semet
780 3069 867 3150 ipsos
879 3087 972 3129 arma
986 3075 1090 3128 verte-

108 3162 204 3233 runt,
230 3161 262 3215 et
285 3175 387 3239 quum
404 3152 445 3216 de
460 3151 584 3236 praeda
598 3174 664 3215 non
681 3152 904 3230 convenirent,
919 3152 1037 3213 iterum
1054 3151 1088 3212 in

8 3265 9 3294 ;
109 3237 192 3300 duas
207 3237 367 3301 factiones
392 3237 604 3301 diducuntur.
642 3237 800 3301 Seleucus
815 3235 1000 3314 Demetrio,
1015 3235 1089 3300 Pto-

8 3325 9 3340 ³
108 3322 256 3386 lemaeus
273 3322 472 3408 Lysimacho
490 3325 690 3410 junguntur.
725 3319 911 3386 Oassandro
935 3321 1088 3383 defuncto

108 3407 287 3494 Philippus
311 3407 400 3474 filius
425 3408 581 3472 succedit.
618 3407 674 3472 Sic
690 3408 785 3493 quasi
800 3427 843 3469 ex
858 3407 986 3490 integro
1002 3427 1090 3470 nova

106 3493 324 3557 Macedoniae
339 3493 428 3558 bella
442 3503 633 3557 nascuntur.
