2658 4244
197 333 234 391 16
345 337 347 344 ’
486 333 628 386 JUSTINI
644 334 893 386 HISTORIARUM

196 507 289 565 nam,
309 507 412 571 quum
429 487 524 549 annis
541 495 612 550 octo
629 508 648 548 a
663 484 860 571 conjugibus
877 495 909 549 et
924 485 1037 550 liberis
1054 485 1173 551 abfuis-

198 579 279 652 sent,
296 571 408 636 servili
422 569 510 636 bello
524 571 612 634 domi
624 573 844 655 excipiuntur.
872 570 1005 656 Quippe
1015 572 1173 658 conjuges

112 713 118 725 ,
197 677 310 720 eorum
317 681 331 736 ,·
350 654 450 740 longa
466 657 710 740 exspectatione
725 657 871 720 virorum
886 657 1007 738 fessae,
1030 679 1092 721 nec
1101 658 1172 742 jam

198 763 253 805 cos
267 741 356 805 hello
371 743 522 823 retineri,
543 740 601 804 sed
617 741 740 805 deletos
755 751 861 823 ratae,
885 744 988 806 servis
1008 742 1051 806 ad
1067 751 1172 806 custo-

119 849 124 864 ·
198 827 285 890 diam
316 848 472 912 pecorum
503 827 625 890 relictis
654 827 802 908 nubunt,
831 828 890 912 qui
918 849 1067 892 reversos
1097 848 1172 890 oum

195 913 335 975 victoria
350 911 499 976 dominos
516 911 607 976 velut
622 911 778 993 advenas,
794 912 911 976 armati
926 913 1047 976 finibus
1064 911 1173 996 prohi-

147 1007 186 1064 27
196 997 284 1062 bant.
319 997 450 1082 Scythis
460 1019 569 1083 quum
584 997 660 1060 talis
675 998 813 1061 victoria
826 999 933 1081 turpis
948 998 1079 1078 fuisset,
1104 1020 1172 1061 mu-

195 1092 265 1146 tare
287 1104 391 1168 genus
410 1104 543 1166 pugnae
558 1081 791 1162 decreverunt,
815 1104 990 1162 memores,
1013 1104 1080 1147 non
1096 1103 1169 1146 cum

196 1167 360 1248 hostibus,
384 1167 442 1231 sed
462 1191 537 1231 cum
553 1169 657 1232 servis
674 1190 744 1232 esse
760 1167 1007 1253 proeliandum,
1031 1169 1090 1253 qui
1105 1173 1171 1232 non

197 1275 379 1333 armorum,
396 1252 455 1317 sed
471 1253 679 1317 dominorum
690 1255 767 1340 jure
782 1253 939 1317 vincendi
955 1263 1081 1336 essent3
1101 1275 1172 1317 ver-

195 1337 325 1402 barain
342 1339 460 1417 aciem,
476 1361 543 1402 non
559 1360 651 1402 arma
666 1338 850 1420 afferenda3
873 1339 1060 1424 omissoque
1075 1339 1170 1418 ferro,

196 1424 307 1508 virgas
320 1423 499 1508 aoflagella
511 1433 685 1508 ceteraque
697 1425 825 1487 servilis
837 1433 943 1488 metus
954 1425 1172 1488 instrumenta

147 1508 353 1592 28paranda.
384 1507 526 1573 Probato
548 1509 684 1574 consilio
706 1530 832 1590 omnes,
859 1510 945 1573 sicut
959 1519 1170 1592 praeceptum

197 1603 275 1674 crat,
291 1595 460 1674 instructi,
477 1605 652 1681 postquam
670 1594 710 1656 ad
726 1593 853 1658 hostem
870 1615 1052 1675 accessere,
1068 1594 1171 1680 inopi-

195 1678 352 1744 nantibus
361 1679 500 1743 verbera
512 1681 691 1761 intentant3
704 1677 852 1764 adeoque
863 1679 937 1742 illos
949 1677 1170 1765 perculerunt,

197 1774 242 1847 ut,
255 1787 337 1851 quos
350 1763 436 1828 ferro
449 1786 517 1828 non
529 1773 689 1850 poterant,
703 1772 792 1828 metu
804 1762 981 1844 verberum
991 1766 1170 1842 vincerent,

195 1852 374 1936 fugamque
386 1849 445 1930 illi,
461 1872 528 1913 non
541 1858 578 1913 ut
589 1849 696 1914 hostes
708 1849 796 1929 victi,
813 1849 871 1913 sed
882 1859 918 1912 ut
928 1847 1061 1934 fugitivi
1073 1849 1169 1928 servi,

196 1944 416 2020 capesserent.
462 1934 661 2020 Quicunque
687 1935 762 2019 capi
787 1942 977 2019 potuerunt,
1006 1935 1172 2020 supplicia

196 2021 348 2084 crucibus
360 2020 502 2085 luerunt.
532 2020 688 2084 Mulieres
705 2019 789 2084 male
805 2018 867 2083 sibi
883 2021 1034 2084 consciae
1050 2020 1170 2104 partim

146 2107 298 2186 29ferro,
318 2107 438 2190 partim
461 2107 640 2189 suspendio
661 2107 763 2168 vitam
783 2105 950 2168 finierunt.
987 2105 1067 2169 Post
1088 2105 1170 2168 haec

195 2213 263 2275 pax
290 2189 379 2276 apud
401 2189 541 2274 Scythas
571 2189 633 2254 fuit
660 2212 764 2275 usque
792 2190 834 2253 ad
858 2199 1007 2274 tempora
1031 2189 1169 2274 Janeyri

195 2277 293 2360 regis.
320 2275 408 2338 Huic
418 2276 552 2358 Darius,
564 2274 739 2338 Persarum
751 2297 820 2357 rex,
834 2277 919 2339 sicut
931 2295 1031 2359 supra
1044 2276 1169 2338 dietum

196 2369 256 2441 est,
274 2382 374 2446 quum
391 2361 479 2424 filiae
496 2362 565 2448 ejus
581 2361 713 2444 nuptias
728 2383 795 2424 non
812 2359 1021 2441 obtinuisset,
1046 2360 1170 2424 bellum

195 2447 320 2528 intulit3
344 2455 376 2508 et
390 2447 606 2532 septingentis
622 2445 769 2510 millibus
785 2456 983 2510 armatorum
999 2445 1169 2530 Scythiam

195 2534 378 2617 ingressus,
394 2554 495 2618 quum
513 2532 808 2616 hostespugnandi
820 2534 1016 2617 ¹potestatem
1032 2553 1098 2594 non
1115 2529 1169 2594 da

195 2627 277 2697 rent,
293 2627 454 2698 metuens,
470 2640 527 2699 ne,
543 2619 728 2700 interrupto
744 2626 843 2700 ponte
858 2617 949 2697 Istri,
964 2616 1090 2680 reditus
1106 2614 1169 2679 sibi

194 2701 484 2784 intercluderetur,
507 2703 636 2766 amissis
652 2703 819 2785 octoginta
834 2701 981 2765 millibus
998 2702 1170 2765 hominum

194 2788 486 2874 trepidusrefugit3
504 2809 588 2873 quae
592 2789 732 2875 jactura,
749 2787 938 2851 abundante
946 2786 1168 2866 multitudine,

144 2875 280 2941 30inter
296 2872 416 2936 damna
430 2882 604 2936 numerata
618 2895 685 2936 non
702 2881 759 2936 est.
790 2873 872 2937 Iude
887 2873 1002 2938 Asiam
1018 2880 1050 2935 et
1064 2871 1169 2934 Mace·

195 2959 328 3024 doniam
344 2957 485 3041 domuit3
501 2959 605 3022 Jonas
621 2980 753 3043 quoque
768 2958 881 3023 navali
896 2957 1022 3042 proelio
1039 2977 1170 3041 supera·
1218 2992 1220 2998 ν
1325 2947 1326 2979 ²

193 3046 252 3109 vit.
288 3043 421 3109 Deinde
442 3045 587 3128 cognito,
611 3044 699 3129 quod
714 3043 934 3108 Athenienses
949 3043 1057 3106 Joniis
1078 3041 1170 3104 auxi·

194 3131 276 3195 lium
292 3133 411 3216 contra
422 3153 457 3194 se
469 3129 631 3208 tulissent,
648 3144 778 3193 omnent
792 3129 873 3193 belli
888 3129 1047 3213 impetum
1062 3129 1097 3190 in
1113 3148 1169 3190 eos

194 3217 366 3280 convertit.

1089 3399 1109 3432 a

555 3441 758 3449 m
